@article{xue2014tidal,
  title={Tidal evolution of the spin-orbit angle in exoplanetary systems},
  author={Xue, Yuxin and Suto, Yasushi and Taruya, Atsushi and Hirano, Teruyuki and Fujii, Yuka and Masuda, Kento},
  keywords={evolution tidal,exoplanetary,planetary systems,spin-orbit},
  journal={The Astrophysical Journal},
  volume={784},
  number={1},
  pages={66},
  year={2014},
  publisher={IOP Publishing}
}

@article{burkart2012tidal,
  title={Tidal asteroseismology: Keplerâ€™s KOI-54},
  author={Burkart, Joshua and Quataert, Eliot and Arras, Phil and Weinberg, Nevin N},
  keywords={asteroseismology,kepler,tidal},
  journal={Monthly Notices of the Royal Astronomical Society},
  volume={421},
  number={2},
  pages={983--1006},
  year={2012},
  publisher={Oxford University Press}
}