@article{fleck1989dynamics,
  title={Dynamics of the solar atmosphere. II-Standing waves in the solar chromosphere},
  author={Fleck, B and Deubner, F-L},
 keywords={atmosphere,chromosphere,standing waves},
  journal={Astronomy and Astrophysics},
  volume={224},
  pages={245--252},
  year={1989}
}

@inproceedings{deubner1989gravity,
  title={Gravity waves},
  author={Deubner, Franz-Ludwig and Fleck, Bernhard},
  keywords={gravity waves,atmosphere},
  booktitle={High spatial resolution solar observations},
  pages={339},
  year={1989}
}

@article{leibacher1982solar,
  title={Solar atmospheric dynamics. II-Nonlinear models of the photospheric and chromospheric oscillations},
  author={Leibacher, John and Gouttebroze, Pierre and Stein, ROBERT F},
  keywords={atmosphere,oscillations,nonlinear,photosphere,chromosphere},
  journal={The Astrophysical Journal},
  volume={258},
  pages={393--403},
  year={1982}
}

@article{rammacher1992acoustic,
  title={Acoustic waves in the solar atmosphere. IX-Three minute pulsations driven by shock overtaking},
  author={Rammacher, Wolfgang and Ulmschneider, Peter},
  keywords={waves,acustic waves,atmosphere,3-minute,shock},
  journal={Astronomy and Astrophysics},
  volume={253},
  pages={586--600},
  year={1992}
}

@article{kneer1993oscillations,
  title={Oscillations of the Sun's chromosphere. VI. K grains, resonances, and gravity waves},
  author={Kneer, F and Von Uexkull, M},
  keywords={chromosphere,K grains,gravity waves},
  journal={Astronomy and Astrophysics},
  volume={274},
  pages={584},
  year={1993}
}

@article{deubner1996dynamics,
  title={Dynamics of the solar atmosphere. VI. Resonant oscillations of an atmospheric cavity: observations.},
  author={Deubner, F-L and Waldschik, Th and Steffens, S},
  keywords={atmosphere,oscillations,cavity,rev}
  journal={Astronomy and Astrophysics},
  volume={307},
  pages={936--946},
  year={1996}
}