@article{le2015first,
  title={First New Solar Models with OPAS Opacity Tables},
  author={Le Pennec, Ma{\"e}lle and Turck-Chi{\'e}ze, Sylvaine and Salmon, S{\'e}bastien and Blancard, Christophe and Coss{\'e}, Philippe and Faussurier, G{\'e}rald and Mondet, Guillaume},
  keywords={opacity,HInversion,tesi},
  journal={The Astrophysical Journal Letters},
  volume={813},
  number={2},
  pages={L42},
  year={2015},
  publisher={IOP Publishing}
}

@article{turck2012solar,
  title={Solar-stellar astrophysics and dark matter},
  author={Turck-Chi{\`e}ze, Sylvaine and Lopes, Il{\'\i}dio},
  journal={Research in Astronomy and Astrophysics},
  keywords={HInversion,rev,tesi,WIMP,power spectrum},
  volume={12},
  number={8},
  pages={1107},
  year={2012},
  publisher={IOP Publishing}
}

@article{lopes2013search,
  title={Search for Global f-Modes and p-Modes in the 8B Neutrino Flux},
  author={Lopes, Il{\'\i}dio},
  keywords={p modes,f modes,neutrinos,boron},
  journal={The Astrophysical Journal Letters},
  volume={777},
  number={1},
  pages={L7},
  year={2013},
  publisher={IOP Publishing}
}

@article{gough2015some,
  title={Some glimpses from helioseismology at the dynamics of the deep solar interior},
  author={Gough, DO},
  keywords={rev,convection,SModes,dynamics,solar interior},
  journal={Space Science Reviews},
  volume={196},
  number={1-4},
  pages={15--47},
  year={2015},
  publisher={Springer}
}

@article{muller2013solar,
  title={Solar orbiter},
  author={M{\"u}ller, Daniel and Marsden, Richard George and Cyr, OC St and Gilbert, Holly Robin and others},
  keywords={space mission,observations,observational instruments,solar orbiter,space},
  journal={Solar Physics},
  volume={285},
  number={1-2},
  pages={25--70},
  year={2013},
  publisher={Springer}
}