@incollection{aer08current,
  title={The current status of asteroseismology},
  author={Aerts, Conny and Christensen-Dalsgaard, J{\o}rgen and Cunha, M and Kurtz, Donald W},
  booktitle={Helioseismology, Asteroseismology, and MHD Connections},
   keywords={rev,astroseismology},
  pages={3--20},
  year={2008},
  publisher={Springer}
}

@article{demarque1999helioseismology,
  title={Helioseismology: Probing the interior of a star},
  author={Demarque, P and Guenther, DB},
  journal={Proceedings of the National Academy of Sciences},
  volume={96},
  number={10},
  pages={5356--5359},
  year={1999},
  publisher={National Acad Sciences},
  keywords={helio},
  addendum={superadiabatic layers, G constant,He abundance}
}


@article{basu2016global,
  title={Global seismology of the Sun},
  author={Basu, Sarbani},
  journal={Living Reviews in Solar Physics},
   keywords={rev,tesi,HInversion},
  volume={13},
  number={1},
  pages={2},
  year={2016},
  publisher={Springer},
  addendum={Kernels for $(u,Y,\Gamma_1)$ inversion. Tab 3: SSM properties upon Z changees. Asphericities: pg. 68.}
}

@article{gizon2005local,
  title={Local helioseismology},
  author={Gizon, Laurent and Birch, Aaron C},
  keywords={rev,local helioseismology,observations},
  journal={Living Reviews in Solar Physics},
  volume={2},
  number={1},
  pages={1--131},
  year={2005},
  publisher={Springer},
}

@article{cun07asteroseismology,
  title={Asteroseismology and interferometry},
  author={Cunha, Margarida S and Aerts, Conny and Christensen-Dalsgaard, J{\o}rgen and Baglin, A and Bigot, Lionel and Brown, TM and Catala, C and Creevey, OL and De Souza, A Domiciano and Eggenberger, P and others},
  journal={The Astronomy and Astrophysics Review},
   keywords={rev,astroseismology},
  volume={14},
  number={3-4},
  pages={217--360},
  year={2007},
  publisher={Springer}
}

@incollection{christensen2000basic,
  title={Basic aspects of stellar structure and pulsation},
  author={Christensen-Dalsgaard, J{\o}rgen and Dziembowski, Woiciech A},
  booktitle={Variable Stars as Essential Astrophysical Tools},
  pages={1--58},
  year={2000},
  publisher={Springer},
  addendum={Rotazione: termine centrifugo per rotazioni veloci. Modi instabili: LAWE+NA term. Eccitazioni stocastiche.}
}

@MISC{dal03notes,
    author = {J{\o}rgen Christensen-Dalsgaard},
    title = {Lecture Notes on Stellar Oscillations},
     keywords={rev,tesi,oscillations,stellar ,oscillations,solarlike},
    year = {2003},
    url={http://users-phys.au.dk/jcd/oscilnotes/}
}

@misc{coronalseism,
title={Coronal seismology},
url={https://en.wikipedia.org/wiki/Coronal_seismology},
 keywords={corona},
journal={Wikipedia},
year={2016}
}

@article{hill2008helioseismology,
  title={Helioseismology and the solar cycle: past, present and future},
  author={Hill, Frank},
  keywords={rev,solar cycle,rotation,magnetic field},
  journal={Journal of Astrophysics and Astronomy},
  volume={29},
  number={1-2},
  pages={75--84},
  year={2008},
  publisher={Springer}
}

@incollection{gough2012have,
  title={What have we learned from helioseismology, what have we really learned, and what do we aspire to learn?},
  author={Gough, Douglas},
   keywords={rev},
  booktitle={Solar Dynamics and Magnetism from the Interior to the Atmosphere},
  pages={9--41},
  year={2012},
  publisher={Springer}
}

@article{kosovichev1999inversion,
  title={Inversion methods in helioseismology and solar tomography},
  author={Kosovichev, AG},
  keywords={perturbation,wave equation,ray,kernels,HInversion,adjoint},
  journal={Journal of computational and applied mathematics},
  volume={109},
  number={1},
  pages={1--39},
  year={1999},
  publisher={Elsevier}
}

@incollection{kosovichev2011advances,
  title={Advances in global and local helioseismology: An introductory review},
  author={Kosovichev, Alexander G},
   keywords={rev},
  booktitle={The Pulsations of the Sun and the Stars},
  pages={3--84},
  year={2011},
  publisher={Springer}
}
