@article{bahcall2004accurately,
  title={How accurately can we calculate the depth of the solar convective zone?},
  author={Bahcall, John N and Serenelli, Aldo M and Pinsonneault, Marc},
  journal={The Astrophysical Journal},
  volume={614},
  number={1},
  pages={464},
  year={2004},
  publisher={IOP Publishing}
}

@article{basu1999helioseismic,
  title={Helioseismic analysis of the hydrogen partition function in the solar interior},
  author={Basu, Sarbani and D{\"a}ppen, Werner and Nayfonov, Alan},
  journal={The Astrophysical Journal},
  volume={518},
  number={2},
  pages={985},
  year={1999},
  publisher={IOP Publishing}
}

@article{degl1998helioseismology,
  title={Helioseismology and p+ pâ†’ d+ e++ $\nu$ e in the sun},
  author={Degl'Innocenti, S and Fiorentini, G and Ricci, B},
  journal={Physics Letters B},
  volume={416},
  number={3},
  pages={365--368},
  year={1998},
  publisher={Elsevier}
}

@article{degl1997helioseismology,
  title={Helioseismology and standard solar models},
  author={Degl'Innoccenti, S and Dziembowski, WA and Fiorentini, G and Ricci, B},
  journal={Astroparticle Physics},
  volume={7},
  number={1},
  pages={77--95},
  year={1997},
  publisher={Elsevier}
}

@article{dziembowski1990solar,
  title={Solar model from helioseismology and the neutrino flux problem},
  keyword={HSSM},
  author={Dziembowski, WA and Pamyatnykh, AA and Sienkiewicz, R},
  journal={Monthly Notices of the Royal Astronomical Society},
  volume={244},
  pages={542--550},
  year={1990}
}

@article{dziembowski1991helium,
  title={Helium content in the solar convective envelope from helioseismology},
  author={Dziembowski, WA and Pamyatnykh, AA and Sienkiewicz, R},
  journal={Monthly Notices of the Royal Astronomical Society},
  volume={249},
  number={4},
  pages={602--605},
  year={1991},
  publisher={Oxford University Press}
}

@article{dziembowski1991seismology,
  title={Seismology for the fine structure in the sun's oscillations varying with its activity cycle},
  author={Dziembowski, WA and Goode, Philip R},
  journal={The Astrophysical Journal},
  volume={376},
  pages={782--786},
  year={1991}
}

@article{vorontsov1991seismological,
  title={Seismological measurement of solar helium abundance},
  author={Vorontsov, SV and Baturin, VA and Pamyatnykh, AA},
  year={1991},
  publisher={Nature Publishing Group}
}