@article{ch93,
  title={Effects of diffusion on solar models and their oscillation frequencies},
  author={Christensen-Dalsgaard, J and Proffitt, CR and Thompson, MJ},
  keywords={MP93,diffusion},
  journal={The Astrophysical Journal},
  volume={403},
  pages={L75--L78},
  year={1993},
  addendum={Velocity diffusion: MP93.}
}

@article{gu93,
  title={The effects of helium diffusion on solar p-mode frequencies},
  author={Guenther, DB and Pinsonneault, MH and Bahcall, JN},
  keywords={rev,diffusion},
  journal={The Astrophysical Journal},
  volume={418},
  pages={469},
  year={1993}
}
@article{Thoul93,
  author         = "Thoul, Anne A. and Bahcall, John N. and Loeb, Abraham",
  title          = "{Element diffusion in the solar interior}",
  keywords={tesi,diffusion,rev},
  journal        = "Astrophys.J.",
  volume         = "421",
  pages          = "828-842",
  doi            = "10.1086/173695",
  year           = "1994"
}

@misc{stix91sun,
  title={The sun: an introduction (Astronomy and Astrophysics Library)},
  author={Stix, Michael},
  keywords={rev,SSM,modes},
  year={1991},
  publisher={Springer Verlag}
}

@article{cox80pulsation,
  title={Theory of stellar pulsation},
  author={Cox, John P},
  keywords={rev,modes,stability,radial,nonradial},
  year={1980},
  publisher={Princeton University Press, Princeton, NJ}
}