@article{lan59fluid,
  title={Fluid mechanics. 1959},
  author={Landau, LD and Lifshitz, EM},
  journal={Course of Theoretical Physics},
  year={1959}
}

@book{pit12kinetics,
  title={Physical kinetics},
  author={Pitaevskii, LP and Lifshitz, EM},
  volume={10},
  year={2012},
  publisher={Butterworth-Heinemann}
}

@article{tol63waves,
  title={The theory of waves in stratified fluids including the effects of gravity and rotation},
  author={Tolstoy, Ivan},
  journal={Reviews of Modern Physics},
  volume={35},
  number={1},
  pages={207},
  year={1963},
  publisher={APS}
}