@incollection{aer08current,
  title={The current status of asteroseismology},
  author={Aerts, Conny and Christensen-Dalsgaard, J{\o}rgen and Cunha, M and Kurtz, Donald W},
  booktitle={Helioseismology, Asteroseismology, and MHD Connections},
  pages={3--20},
  year={2008},
  publisher={Springer}
}

@article{and75nonadiabatic,
  title={Nonadiabatic nonradial oscillations-an application to the five-minute oscillation of the sun},
  author={Ando, Hiroyasu and Osaki, Yoji},
  journal={Publications of the Astronomical Society of Japan},
  volume={27},
  pages={581--603},
  year={1975}
}


@article{bro76oscillations,
  title={Observation of free oscillations of the Sun},
  author={Brookes, JR and Isaak, GR and Van der Raay, HB},
  journal={Nature},
  volume={259},
  pages={92--95},
  year={1976}
}

@article{cun07asteroseismology,
  title={Asteroseismology and interferometry},
  author={Cunha, Margarida S and Aerts, Conny and Christensen-Dalsgaard, J{\o}rgen and Baglin, A and Bigot, Lionel and Brown, TM and Catala, C and Creevey, OL and De Souza, A Domiciano and Eggenberger, P and others},
  journal={The Astronomy and Astrophysics Review},
  volume={14},
  number={3-4},
  pages={217--360},
  year={2007},
  publisher={Springer}
}
@article{cla79solar,
  title={Solar structure from global studies of the 5-minute oscillation},
  author={Claverie, A and Isaak, GR and McLeod, CP and Van der Raay, HB and Cortes, T Roca},
  year={1979},
  publisher={Nature Publishing Group}
}

@article{chr92solar,
  title={Solar oscillations and the equation of state},
  author={Christensen-Dalsgaard, J{\o}rgen and D{\"a}ppen, Werner},
  journal={The Astronomy and Astrophysics Review},
  volume={4},
  number={3},
  pages={267--361},
  year={1992},
  publisher={Springer}
}

@article{cas68phaselag,
  title={A simplified picture of the Cepheid phase lag},
  author={Castor, John I},
  journal={The Astrophysical Journal},
  volume={154},
  pages={793},
  year={1968}
}

@article{deu79solar,
  title={Solar p-mode oscillations as a tracer of radial differential rotation},
  author={Deubner, F-L and Ulrich, Roger K and Rhodes Jr, EJ},
  journal={Astronomy and Astrophysics},
  volume={72},
  pages={177--185},
  year={1979}
}

@article{deu75observations,
  title={Observations of low wavenumber nonradial eigenmodes of the Sun},
  author={Deubner, F-L},
  journal={Astronomy and Astrophysics},
  volume={44},
  pages={371--375},
  year={1975}
}

@article{duv82dispersion,
  title={A dispersion law for solar oscillations},
  author={Duvall, Thomas L},
  year={1982},
  publisher={Nature Publishing Group}
}

@MISC{dal03notes,
    author = {J{\o}rgen Christensen-Dalsgaard},
    title = {Lecture Notes on Stellar Oscillations},
    year = {2003},
    url={http://users-phys.au.dk/jcd/oscilnotes/}
}

@book{ber03solar,
  title={Physics of the solar system: dynamics and evolution, space physics, and spacetime structure},
  author={Bertotti, Bruno and Farinella, Paolo and Vokrouhlick{\`y}, David},
  volume={293},
  year={2003},
  publisher={Springer Science \& Business Media}
}

@book{edd26internal,
  title={The internal constitution of the stars},
  author={Eddington, Arthur S and Eddington, Arthur Stanley},
  year={1926},
  publisher={Cambridge University Press}
}

@techreport{gau03history,
  title={The history of radial stellar pulsation theory},
  author={Gautschy, Alfred},
  year={2003},
  institution={ETH-Bibliothek (Z{\"u}rich)}
}

@article{gio78magnetic,
year={1978},
issn={0038-0938},
journal={Solar Physics},
volume={59},
number={1},
doi={10.1007/BF00154931},
title={Motions in solar magnetic tubes},
url={http://dx.doi.org/10.1007/BF00154931},
publisher={Kluwer Academic Publishers},
author={Giovanelli, R.G. and Nikolsky, G.M. and Harvey, J.W.},
pages={49-64},
language={English}
}


@article{hagen21variablestars,
  title={The astrophysical problem of variable stars},
  author={Hagen, JG},
  journal={Monthly Notices of the Royal Astronomical Society},
  volume={81},
  pages={226--228},
  year={1921}
}

@book{han12stellar,
  title={Stellar interiors: physical principles, structure, and evolution},
  author={Hansen, Carl J and Kawaler, Steven D and Trimble, Virginia},
  year={2012},
  publisher={Springer Science \& Business Media}
}

@article{hill78long,
  title={Long-period oscillations of the apparent solar diameter-Observations},
  author={Brown, TM and Stebbins, RT and Hill, HA},
  journal={The Astrophysical Journal},
  volume={223},
  pages={324--338},
  year={1978}
}

@incollection{jor81sun,
  title={The Sun as a star},
  author={Leibacher, JW and Stein, RF and Jordan, S},
  booktitle={NASA-CNRS Monograph Series on Nonthermal Phenomena in Stellar Atmospheres,},
  pages={263--287},
  year={1981}
}

@article{lei62velocity,
  title={Velocity Fields in the Solar Atmosphere. I. Preliminary Report.},
  author={Leighton, Robert B and Noyes, Robert W and Simon, George W},
  journal={The Astrophysical Journal},
  volume={135},
  pages={474},
  year={1962}
}

@article{lan59fluid,
  title={Fluid mechanics. 1959},
  author={Landau, LD and Lifshitz, EM},
  journal={Course of Theoretical Physics},
  year={1959}
}

@book{pit12kinetics,
  title={Physical kinetics},
  author={Pitaevskii, LP and Lifshitz, EM},
  volume={10},
  year={2012},
  publisher={Butterworth-Heinemann}
}

@article{lea12periods,
  title={Periods of 25 Variable Stars in the Small Magellanic Cloud.},
  author={Leavitt, Henrietta S and Pickering, Edward C},
  journal={Harvard College Observatory Circular},
  volume={173},
  pages={1--3},
  year={1912}
}

@article{lam09waves,
  title={On the theory of waves propagated vertically in the atmosphere},
  author={Horace, Lamb},
  journal={Proceedings of the London Mathematical Society},
  volume={2},
  number={1},
  pages={122--141},
  year={1909},
  publisher={Oxford University Press}
}

@article{ste74waves,
  title={Waves in the solar atmosphere},
  author={Stein, Robert F and Leibacher, John},
  journal={Annual Review of Astronomy and Astrophysics},
  volume={12},
  pages={407--435},
  year={1974}
}

@article{sha14nature,
  title={On the nature and cause of Cepheid variation},
  author={Shapley, Harlow},
  journal={The Astrophysical Journal},
  volume={40},
  pages={448},
  year={1914}
}

@article{tol63waves,
  title={The theory of waves in stratified fluids including the effects of gravity and rotation},
  author={Tolstoy, Ivan},
  journal={Reviews of Modern Physics},
  volume={35},
  number={1},
  pages={207},
  year={1963},
  publisher={APS}
}

@article{zhe63variable,
  title={Physical basis of the pulsation theory of variable stars},
  author={Zhevakin, SA},
  journal={Annual Review of Astronomy and Astrophysics},
  volume={1},
  pages={367},
  year={1963}
}