@article{chaplin2005noise,
  title={Noise characteristics of full-disc helioseismic observations made by resonant scattering spectrometers},
  author={Chaplin, WJ and Elsworth, Y and Isaak, GR and Miller, BA and New, R and Pint{\'e}r, B},
  journal={Monthly Notices of the Royal Astronomical Society},
  volume={359},
  number={2},
  pages={607--614},
  year={2005},
  publisher={Oxford University Press}
}

@article{fletcher2011new,
  title={A new efficient method for determining weighted power spectra: detection of low-frequency solar p-modes by analysis of BiSON data},
  author={Fletcher, ST and Broomhall, A-M and Chaplin, WJ and Elsworth, Y and New, R},
  journal={Monthly Notices of the Royal Astronomical Society},
  volume={415},
  number={2},
  pages={1310--1321},
  year={2011},
  publisher={Oxford University Press}
}

@article{gelly2002solar,
  title={Solar $$\{$$\backslash$ vec p$\}$ $-modes from 1979 days of the GOLF experiment},
  author={Gelly, B and Lazrek, M and Grec, G and Ayad, A and Schmider, FX and Renaud, C and Salabert, D and Fossat, E},
  journal={Astronomy \& Astrophysics},
  volume={394},
  number={1},
  pages={285--297},
  year={2002},
  publisher={EDP Sciences}
}

@inproceedings{new2006analysis,
  title={Analysis of velocity-noise variations arising from photon-noise in data from the GOLF instrument},
  author={New, R and Chaplin, WJ and Elsworth, YP and Garc{\'\i}a, RA and Jim{\'e}nez-Reyes, SJ},
  booktitle={Proceedings of SOHO 18/GONG 2006/HELAS I, Beyond the spherical Sun},
  volume={624},
  pages={100},
  year={2006}
}

@article{toutain2006peak,
  title={Peak asymmetry of solar p modes: a framework to explain the effects of the correlated noise from the acoustic source},
  author={Toutain, T and Elsworth, Y and Chaplin, WJ},
  journal={Monthly Notices of the Royal Astronomical Society},
  volume={371},
  number={4},
  pages={1731--1736},
  year={2006},
  publisher={Oxford University Press}
}