@article{brookes1978resonant,
  title={A resonant-scattering solar spectrometer},
  author={Brookes, JR and Isaak, GR and van der Raay, HB},
  keywords={rev,resonant scattering,low-l,unresolved},
  journal={Monthly Notices of the Royal Astronomical Society},
  volume={185},
  number={1},
  pages={1--18},
  year={1978},
  publisher={Oxford University Press}
}

@article{chaplin2005noise,
  title={Noise characteristics of full-disc helioseismic observations made by resonant scattering spectrometers},
  author={Chaplin, WJ and Elsworth, Y and Isaak, GR and Miller, BA and New, R and Pint{\'e}r, B},
  keywords={resonant scattering,full-disc,spectrometer,rev,noise},
  journal={Monthly Notices of the Royal Astronomical Society},
  volume={359},
  number={2},
  pages={607--614},
  year={2005},
  publisher={Oxford University Press}
}

@article{duvall1984rotational,
  title={Rotational frequency splitting of solar oscillations},
  author={Duvall, TL and Harvey, JW},
  keywords={rotation,splittings,p-modes},
  year={1984},
  publisher={Nature Publishing Group}
}

@article{chaplin1998analysis,
  title={An analysis of solar p-mode frequencies extracted from BiSON data: 1991--1996},
  author={Chaplin, WJ and Elsworth, Y and Isaak, GR and Lines, R and McLeod, CP and Miller, BA and New, R al},
  keywords={p-modes,data analysis,BISON,splittings},
  journal={Monthly Notices of the Royal Astronomical Society},
  volume={300},
  number={4},
  pages={1077--1090},
  year={1998},
  publisher={Oxford University Press}
}

@article{toutain1994maximum,
  title={Maximum likelihood estimators: An application to the estimation of the precision of helioseismic measurements},
  author={Toutain, T and Appourchaux, T},
  keywords={data analysis,SModes,MLE},
  journal={Astronomy and Astrophysics},
  volume={289},
  pages={649--658},
  year={1994}
}

@article{garcia1999improving,
  title={Improving the signal-to-noise ratio in solar oscillation spectra},
  author={Garc\'ia, RA and Jefferies, SM and Toner, CG and Pall{\'e}, PL},
  keywords={S/N,power spectra,data analysis,solar noise},
  journal={Astronomy and Astrophysics},
  volume={346},
  pages={L61--L64},
  year={1999}
}

@article{korzennik2005mode,
  title={A mode-fitting methodology optimized for very long helioseismic time series},
  author={Korzennik, SG},
  keywords={fitting,GONG,MDI,time series,data analysis,rev,SModes},
  journal={The Astrophysical Journal},
  volume={626},
  number={1},
  pages={585},
  year={2005},
  publisher={IOP Publishing}
}

@article{larson2015improved,
  title={Improved Helioseismic Analysis of Medium-l Data from the Michelson Doppler Imager},
  author={Larson, Timothy P and Schou, Jesper},
  keywords={medium-l,MDI,data analysis,rev},
  journal={Solar Physics},
  volume={290},
  number={11},
  pages={3221--3256},
  year={2015},
  publisher={Springer}
}

@incollection{duvall1986solar,
  title={Solar Doppler shifts: Sources of continuous spectra},
  author={Duvall Jr, TL and Harvey, JW},
  booktitle={Seismology of the Sun and the Distant Stars},
  keywords={rev,tesi,power spectra,noise},
  pages={105--116},
  year={1986},
  publisher={Springer}
}

@article{reiter2015method,
  title={A METHOD FOR THE ESTIMATION OF-MODE PARAMETERS FROM AVERAGED SOLAR OSCILLATION POWER SPECTRA},
  author={Reiter, J and Rhodes Jr, EJ and Kosovichev, AG and Schou, J and Scherrer, PH and Larson, TP},
  keywords={power spectra,mode parameter,data analysis},
  journal={The Astrophysical Journal},
  volume={803},
  number={2},
  pages={92},
  year={2015},
  publisher={IOP Publishing}
}

@article{appourchaux1998art,
  title={The art of fitting p-mode spectra-I. Maximum likelihood estimation},
  author={Appourchaux, Thierry and Gizon, Laurent and Rabello-Soares, M-C},
  keywords={p-modes,power spectra,data analysis,maximum likelihood},
  journal={Astronomy and Astrophysics Supplement Series},
  volume={132},
  number={1},
  pages={107--119},
  year={1998},
  publisher={EDP Sciences}
}

@article{howe2012two,
  title={Two-dimensional helioseismic power, phase, and coherence spectra of solar dynamics observatory photospheric and chromospheric observables},
  author={Howe, Rachel and Jain, Kiran and Bogart, Richard S and Haber, Deborah A and Baldner, Charles S},
  keywords={power spectra,phase,SModes,photosphere,chromosphere,MDI,HMI},
  journal={Solar Physics},
  volume={281},
  number={2},
  pages={533--549},
  year={2012},
  publisher={Springer}
}

@article{rhodes1977observations,
  title={Observations of nonradial p-mode oscillations on the sun},
  author={Rhodes Jr, Edward J and Ulrich, Roger K and Simon, George W},
  keywords={waves,p-modes,power specta},
  journal={The Astrophysical Journal},
  volume={218},
  pages={901--919},
  year={1977}
}

@inproceedings{corbard2013helioseismology,
  title={Helioseismology with PICARD},
  author={Corbard, Thierry and Salabert, David and Boumier, Patrick and Appourchaux, Thierry and Hauchecorne, Alain and Journoud, Patrice and Nunge, Arthur and Gelly, Bernard and Hochedez, Jean-Fran{\c{c}}ois and Irbah, Abdanour and others},
  keywords={smodes,l-nu diagram,mode parameters,splitting coefficients},
  booktitle={Journal of Physics: Conference Series},
  volume={440},
  number={1},
  pages={012025},
  year={2013},
  organization={IOP Publishing}
}

@incollection{gabriel1995global,
  title={Global oscillations at low frequency from the SOHO mission (GOLF)},
  author={Gabriel, AH and Grec, G and Charra, J and Robillot, J-M and Cort{\'e}s, T Roca and Turck-Chi{\`e}ze, S and Bocchia, R and Boumier, P and Cantin, M and Cesp{\'e}des, E and others},
  booktitle={The SOHO Mission},
  keywords={GOLF,rev},
  pages={61--99},
  year={1995},
  publisher={Springer}
}

@article{broomhall2009new,
  title={New aspects of Doppler imaging in Sun-as-a-star observations},
  author={Broomhall, AM and Chaplin, WJ and Elsworth, Y and New, R},
  keywords={scattering spectrometer,BISON},
  journal={Monthly Notices of the Royal Astronomical Society},
  volume={397},
  number={2},
  pages={793--801},
  year={2009},
  publisher={Oxford University Press}
}

@article{fletcher2011new,
  title={A new efficient method for determining weighted power spectra: detection of low-frequency solar p-modes by analysis of BiSON data},
  keywords={solar modes,p modes,low frequency,power spectrum,BISON},
  author={Fletcher, ST and Broomhall, A-M and Chaplin, WJ and Elsworth, Y and New, R},
  journal={Monthly Notices of the Royal Astronomical Society},
  volume={415},
  number={2},
  pages={1310--1321},
  year={2011},
  publisher={Oxford University Press}
}

@article{underhill1996height,
  title={Height dependence of the amplitudes of solar oscillations viewed with a potassium resonance scattering spectrometer},
  author={Underhill, Christopher J and Speake, Clive C},
  keywords={atmosphere,SModes,amplitude,scattering spectrometer,BISON,Doppler},
  journal={Solar Physics},
  volume={163},
  number={2},
  pages={231--240},
  year={1996},
  publisher={Springer}
}

@article{chaplin2002peak,
  title={Peak finding at low signal-to-noise ratio: low-l solar acoustic eigenmodes at {$n\leq9$} from the analysis of BiSON data},
  author={Chaplin, William J and Elsworth, Y and Isaak, George R and Marchenkov, Konstantin I and Miller, Brek A and New, Roger and Pinter, Balazs and Appourchaux, Thierry},
  keywords={low-l,p-modes,probability},
  journal={Monthly Notices of the Royal Astronomical Society},
  volume={336},
  number={3},
  pages={979--991},
  year={2002},
  publisher={Oxford University Press}
}

@article{christensen1989effect,
  title={The effect of rotation on whole-disc Doppler observations of solar oscillations},
  author={Christensen-Dalsgaard, J{\o}rgen},
  keywords={rev,rotation,power spectra,SModes,Doppler observations},
  journal={Monthly Notices of the Royal Astronomical Society},
  volume={239},
  number={3},
  pages={977--994},
  year={1989},
  publisher={Oxford University Press}
}

@article{fletcher2011new,
  title={A new efficient method for determining weighted power spectra: detection of low-frequency solar p-modes by analysis of BiSON data},
  author={Fletcher, ST and Broomhall, A-M and Chaplin, WJ and Elsworth, Y and New, R},
  journal={Monthly Notices of the Royal Astronomical Society},
  volume={415},
  number={2},
  pages={1310--1321},
  year={2011},
  publisher={Oxford University Press}
}

@article{garcia2001low,
  title={Low-degree low-order solar p modes as seen by GOLF on board SOHO},
  author={Garc{\'i}a, RA and R{\'e}gulo, C and Turck-Chieze, S and Bertello, L and Kosovichev, AG and Brun, AS and Couvidat, S and Henney, CJ and Lazrek, M and Ulrich, RK and others},
  keywords={p modes,data analysis},
  journal={Solar Physics},
  volume={200},
  number={1},
  pages={361--379},
  year={2001},
  publisher={Springer}
}

@article{scherrer1995solar,
  title={The solar oscillations investigation-Michelson Doppler imager},
  author={Scherrer, PH and Bogart, RS and Bush, RI and Hoeksema, JTc-a and Kosovichev, AG and Schou, J and Rosenberg, W and Springer, L and Tarbell, TD and Wolfson, CJ and others},
  keywords={MDI,SModes,rev},
  journal={Solar Physics},
  volume={162},
  number={1-2},
  pages={129--188},
  year={1995},
  publisher={Springer}
}

@article{gelly2002solar,
  title={Solar p-modes from 1979 days of the GOLF experiment},
  author={Gelly, B and Lazrek, M and Grec, G and Ayad, A and Schmider, FX and Renaud, C and Salabert, D and Fossat, E},
  journal={Astronomy \& Astrophysics},
  volume={394},
  number={1},
  pages={285--297},
  year={2002},
  publisher={EDP Sciences}
}

@article{liu2012comparison,
  title={Comparison of line-of-sight magnetograms taken by the solar dynamics observatory/helioseismic and magnetic imager and solar and heliospheric observatory/Michelson Doppler imager},
  author={Liu, Y and Hoeksema, JT and Scherrer, PH and Schou, J and Couvidat, S and Bush, RI and Duvall, TL and Hayashi, K and Sun, X and Zhao, X},
  keywords={SDO,HMI,SOHO,magnetograms},
  journal={Solar Physics},
  volume={279},
  number={1},
  pages={295--316},
  year={2012},
  publisher={Springer}
}

@inproceedings{hill1998helioseismic,
  title={Helioseismic Data Reduction},
  author={Hill, F},
  keywords={rev,data analysis,calibration error},
  booktitle={Symposium-International Astronomical Union},
  volume={185},
  pages={13--20},
  year={1998},
  organization={Cambridge Univ Press}
}

@inproceedings{new2006analysis,
  title={Analysis of velocity-noise variations arising from photon-noise in data from the GOLF instrument},
  author={New, R and Chaplin, WJ and Elsworth, YP and Garc{\'i}a, RA and Jim{\'e}nez-Reyes, SJ},
  booktitle={Proceedings of SOHO 18/GONG 2006/HELAS I, Beyond the spherical Sun},
  volume={624},
  pages={100},
  year={2006}
}

@article{toutain2006peak,
  title={Peak asymmetry of solar p modes: a framework to explain the effects of the correlated noise from the acoustic source},
  author={Toutain, T and Elsworth, Y and Chaplin, WJ},
  journal={Monthly Notices of the Royal Astronomical Society},
  volume={371},
  number={4},
  pages={1731--1736},
  year={2006},
  publisher={Oxford University Press}
}