%rev(), primary, model, numerical, biblio, post
%Objects: planets, planetary sistems, massive planets, giant planets,terrestrial planets
%Phenomena: disk, accretion, nebula,
%minor bodies, trojans, asteroids, comets
%
%energy transport
%angular momentum transport
%gravitational instabilities, dynamical stability,secular resonances
%IMF,clouds,nebulae, fragmentation,sheets,filaments
%


% adobe cloud
%https://cloud.acrobat.com/folder/c7eabbff-5c65-4cc7-bb23-aa59f73767bf

%%online res

@online{ge131notes2016,
  author = {innominato},
  title = {Interior of planets??},
  year = 2010,
  url = http://web.gps.caltech.edu/classes/ge131/notes2016/},
  urldate = {2010-09-30}
}

@online{smass-mit,
  author = {mit},
  title = {smass},
  year = 2010,
  url = {http://smass.mit.edu/},
  urldate = {2017-11-30}
}

@online{neodys,
  author = {dm},
  title = {neodys},
  year = 2010,
  url = {http://newton.dm.unipi.it/neodys/},
  urldate = {2017-11-30}
}

%% 3-bodies -> N-bodies stability phenomenology

@article{scheeres2002stability,
  title={Stability of binary asteroids},
  author={Scheeres, DJ},
  journal={Icarus},
  volume={159},
  number={2},
  pages={271--283},
  year={2002},
  publisher={Elsevier}
}
@article{leone1984equilibrium,
  title={Equilibrium models of binary asteroids},
  author={Leone, G and Paolicchi, P and Farinella, P and Zappala, V},
  journal={Astronomy and Astrophysics},
  volume={140},
  pages={265--272},
  year={1984}
}

@article{murray1997diffusive,
  title={Diffusive chaos in the outer asteroid belt.},
  author={Murray, N and Holman, M},
  journal={The Astronomical Journal},
  volume={114},
  pages={1246--1259},
  year={1997},
  keywords={three-body,resonances,chaos,MB,asteroids,orbits},
  addendum={}
}
@article{murray1998origin,
  title={On the origin of chaos in the asteroid belt},
  author={Murray, N and Holman, M and Potter, M},
  journal={The Astronomical Journal},
  volume={116},
  number={5},
  pages={2583},
  year={1998},
  publisher={IOP Publishing},
  keywords={resonances,orbits,Jupiter,Saturn,MB,chaos}
}



%Physics??

@article{saumon2004shock,
  title={Shock compression of deuterium and the interiors of Jupiter and Saturn},
  author={Saumon, Didier and Guillot, T},
  journal={The Astrophysical Journal},
  volume={609},
  number={2},
  pages={1170},
  year={2004},
  publisher={IOP Publishing},
  keywords={deuterium,shock compression,giant planet}
}


@article{stone1998dissipation,
  title={Dissipation in compressible magnetohydrodynamic turbulence},
  author={Stone, James M and Ostriker, Eve C and Gammie, Charles F},
  journal={The Astrophysical Journal Letters},
  volume={508},
  number={1},
  pages={L99},
  year={1998},
  publisher={IOP Publishing},
  keywords={rev,mhd,turbulence,disk},
  addendum={}
}

@article{ciesla2004evaluating,
  title={Evaluating planetesimal bow shocks as sites for chondrule formation},
  author={Ciesla, Fred J and Hood, Lon L and Weidenschilling, Stuart J},
  journal={Meteoritics \& Planetary Science},
  volume={39},
  number={11},
  pages={1809--1821},
  year={2004},
  publisher={Wiley Online Library},
  keywords={rev,chondrule,disk,shock,planetesimal}
}

@article{blum2000growth,
  title={Growth and form of planetary seedlings: Results from a microgravity aggregation experiment},
  author={Blum, J and Wurm, G and Kempf, S and Poppe, T and Klahr, H and Kozasa, T and Rott, M and Henning, Th and Dorschner, J and Schr{\"a}pler, R and others},
  journal={Physical Review Letters},
  volume={85},
  number={12},
  pages={2426},
  year={2000},
  publisher={APS},
  keywords={experiment,microgravity,aggregation,planetary seeds}
}

@article{shu1996toward,
  title={Toward an astrophysical theory of chondrites},
  author={Shu, Frank H and Shang, Hsien and Lee, Typhoon and others},
  journal={SCIENCE-NEW YORK THEN WASHINGTON-},
  pages={1545--1551},
  year={1996},
  publisher={JSTOR},
  keywords={primary,rev,chondrites}
}

@article{ciolek1993ambipolar,
  title={Ambipolar diffusion, interstellar dust, and the formation of cloud cores and protostars. I. Basic physics and formulation of the problem},
  author={Ciolek, Glenn E and Mouschovias, Telemachos Ch},
  journal={The Astrophysical Journal},
  volume={418},
  pages={774},
  year={1993},
  keywords={rev,primary,magnetic field,molecular clouds,cloud core,protostars,ambipolar diffusion}
}

@article{ciolek1994ambipolar,
  title={Ambipolar diffusion, interstellar dust, and the formation of cloud cores and protostars. 3: Typical axisymmetric solutions},
  author={Ciolek, Glenn E and Mouschovias, Telemachos Ch},
  journal={The Astrophysical Journal},
  volume={425},
  pages={142--160},
  year={1994},
  keywords={rev,primary,magnetic field,molecular clouds,cloud core, protostars, ambipolar diffusion, models}
}

%% debris disk

@article{sadowski2016magnetic,
  title={Magnetic flux stabilizing thin accretion disks},
  author={Sadowski, Aleksander},
  journal={arXiv preprint arXiv:1606.09566},
  year={2016},
  keywords={magnetic fields, accretion,disk,compact objects},
  addendum={}
}

@article{goldreich1974molecular,
  title={Molecular clouds},
  author={Goldreich, Peter and Kwan, John},
  journal={The Astrophysical Journal},
  volume={189},
  pages={441--454},
  year={1974},
  keywords={rev,molecular clouds,dust,gas,CO,heat exchanges},
}


@article{nowak1991diskoseismology,
  title={Diskoseismology: Probing accretion disks. I-Trapped adiabatic oscillations},
  author={Nowak, Michael A and Wagoner, Robert V},
  journal={The Astrophysical Journal},
  volume={378},
  pages={656--664},
  year={1991},
  keywords={rev,disk, seismology, accretion,compact bodies},
  addendum={}
}

@article{wyatt2008evolution,
  title={Evolution of debris disks},
  author={Wyatt, Mark C},
  journal={Annu. Rev. Astron. Astrophys.},
  volume={46},
  pages={339--383},
  year={2008},
  publisher={Annual Reviews},
keywords={rev,primary,debris disk},
addendum={}
}

@article{balbus1998instability,
  title={Instability, turbulence, and enhanced transport in accretion disks},
  author={Balbus, Steven A and Hawley, John F},
  journal={Reviews of modern physics},
  volume={70},
  number={1},
  pages={1},
  year={1998},
  publisher={APS},
  keywords={primary,rev,mhd,linear,nonlinear,turbulence,disk,angular momentum transport},
  addendum={}
}

@article{stone2000transport,
  title={Transport processes in protostellar disks},
  author={Stone, JAMES M and Gammie, CHARLES F and Balbus, STEVEN A and Hawley, JOHN F},
  journal={Protostars and Planets IV},
  volume={589},
  year={2000},
  publisher={Tucson: Univ. Arizona Press},
  keywords={rev,disk,angular momentum transport},
  addendum={}
}

@inproceedings{weidenschilling1997dust,
  title={When the dust settles-Fractal aggregates and planetesimal formation},
  author={Weidenschilling, SJ},
  booktitle={Lunar and Planetary Science Conference},
  volume={28},
  pages={517},
  year={1997},
  keywords={rev,primary,dust,planetesimal,fractal aggregates}
}

@article{johansen2007rapid,
  title={Rapid planetesimal formation in turbulent circumstellar disks},
  author={Johansen, Anders and Oishi, Jeffrey S and Mac Low, Mordecai-Mark and Klahr, Hubert and Henning, Thomas and Youdin, Andrew},
  journal={Nature},
  volume={448},
  number={7157},
  pages={1022--1025},
  year={2007},
  publisher={Nature Publishing Group},
  keywords={rev,turbolence,accretion disk,planet formation}
}


%%observations

@article{savage1979observed,
  title={Observed properties of interstellar dust},
  author={Savage, Blair D and Mathis, John S},
  journal={Annual review of astronomy and astrophysics},
  volume={17},
  number={1},
  pages={73--111},
  year={1979},
  publisher={Annual Reviews 4139 El Camino Way, PO Box 10139, Palo Alto, CA 94303-0139, USA},
  keywords={primary,rev,dust,observations,interstellar}
}

@article{garcia1999infrared,
  title={Infrared space observatory observations of IRAS 16594--4656: A new Proto-planetary nebula with a strong 21 micron dust feature},
  author={Garc{\'\i}a-Lario, Pedro and Manchado, Arturo and Ulla, Ana and Manteiga, Minia},
  journal={The Astrophysical Journal},
  volume={513},
  number={2},
  pages={941},
  year={1999},
  publisher={IOP Publishing},
  keywords={PN observations,PN,observation,dust,IR,},
  addendum={}
}

@article{dame2001milky,
  title={The Milky Way in molecular clouds: a new complete CO survey},
  author={Dame, Thomas M and Hartmann, Dap and Thaddeus, P},
  journal={The Astrophysical Journal},
  volume={547},
  number={2},
  pages={792},
  year={2001},
  publisher={IOP Publishing},
  keywords={molecular clouds,CO,Milky Way},
  addendum={}
}


% Planatary system formation

@article{lada1990formation,
  title={The formation of sunlike stars},
  author={LADA, CHARLESJ and SHU, FRANKH},
  journal={Science},
  volume={248},
  number={4955},
  pages={564--572},
  year={1990},
  publisher={JSTOR},
  keywords={observation,CO,molecular clouds,star formation}
}


@article{coradini1977grains,
  title={Grains accretion processes in a proto-planetary nebula},
  author={Coradini, A and Magni, G and Federico, C},
  journal={Astrophysics and Space Science},
  volume={48},
  number={1},
  pages={79--87},
  year={1977},
  publisher={Springer},
  keywords={grain,accretion,proto-PN}
}


@article{ahrens1993impact,
  title={Impact erosion of terrestrial planetary atmospheres},
  author={Ahrens, Thomas J},
  journal={Annual Review of Earth and Planetary Sciences},
  volume={21},
  number={1},
  pages={525--555},
  year={1993},
  publisher={Annual Reviews 4139 El Camino Way, PO Box 10139, Palo Alto, CA 94303-0139, USA},
  keywords={primary,rev,planetesimal,disk,planets formation},
  addendum={}
}


@article{sekiya2003were,
  title={Were planetesimals formed by dust accretion in the solar nebula?},
  author={Sekiya, Minoru and Takeda, Hidenori},
  journal={Earth, planets and space},
  volume={55},
  number={5},
  pages={263--269},
  year={2003},
  publisher={The Seismological Society of Japan, Society of Geomagnetism and Earth, Planetary and Space Sciences, The Volcanological Society of Japan, The Geodetic Society of Japan, The Japanese Society for Planetary Sciences},
  keywords={primary,planetesimal,dust accretion},
  addendum={The growth of meter-sized bodies in the solar nebula by dust accretion is examined. The meter-sized bodies have velocity about $50 m/s$ relative to the gas and small dust aggregates. When a small dust aggregate hits a meter-sized body, the aggregate breaks into dust monomers.  These monomers accrete onto the body after several bouncing as proposed by Wurm et al., Icarus
(2001), if the mean free path of the gas molecules is larger than the radius of the body. On the other hand, the monomers never hit the surface of the body again, if the body is much larger than the mean free path of the molecules. The sizes of bodies would be limited to the order of 10 times the mean free path. Kilometer-sized planetesimals were hardly formed by dust accretion in the region within 5 AU from the sun where the mean free path is less than 1 m.  The planetesimals were probably formed by the gravitational instabilities in this region.}
}


@article{ruden1991dynamical,
  title={The dynamical evolution of the protosolar nebula},
  author={Ruden, Steven P and Pollack, James B},
  journal={The Astrophysical Journal},
  volume={375},
  pages={740--760},
  year={1991},
  keywords={nebula,disk,protosolar nebula,dynamical evolution,primary},
  addendum={We calculate the global evolution of protostellar nebulae for a variety of initial disk masses and angular momenta. Although we approximate the viscous stress by an ''alpha'' model, we calibrate the constant a in terms of the properties of turbulent thermal convection. As the evolution proceeds, the nebula viscously spreads and is partially accreted by the protostar. The consequent decrease of the surface density renders portions of the disk optically thin in the vertical direction. When the Rosseland mean optical depth decreases below a critical value of order unity, we assume that the disk is unable locally to sustain thermal convection and that the turbulent viscosity and energy dissipation cease.}
}


@article{murray1998migrating,
  title={Migrating planets},
  author={Murray, Norm and Hansen, Brad and Holman, Matt and Tremaine, Scott},
  journal={Science},
  volume={279},
  number={5347},
  pages={69--72},
  year={1998},
  publisher={American Association for the Advancement of Science},
  keywords={disk,planetesimal,migration, planetary sistems,primary},
  addendum={A  planet  orbiting  in  a  disk  of  planetesimals  can  experience  an  instability  in  which  it migrates to smaller orbital radii. Resonant interactions between the planet and plane-
tesimals remove angular momentum from the planetesimals, increasing their eccentricities.}
}

@article{ito1999stability,
  title={Stability and instability of the terrestrial protoplanet system and their possible roles in the final stage of planet formation},
  author={Ito, Takashi and Tanikawa, Kiyotaka},
  journal={Icarus},
  volume={139},
  number={2},
  pages={336--349},
  year={1999},
  publisher={Elsevier},
  keywords={rev,protoplanet, disk, terrestrial planets, formation},
  addendum={We investigate the stability and orbital evolution of medium-sized protoplanets in the terrestrial region under the perturbation by jovian giant planets, Jupiter and Saturn. In initially low-eccentricity and low-inclination orbits, secular perturbation by jovian planets can enhance the eccentricities of terrestrial protoplanets and increase the probability of close encounters when the separation of the protoplanets is large.}
  }
  
@article{matsuyama2003halting,
  title={Halting planet migration by photoevaporation from the central source},
  author={Matsuyama, Isamu and Johnstone, Doug and Murray, Norman},
  journal={The Astrophysical Journal Letters},
  volume={585},
  number={2},
  pages={L143},
  year={2003},
  publisher={IOP Publishing},
  keywords={planet migration,photoevaporation,type 2 migration},
  addendum={We propose a mechanism for halting type-II migration at several AU in a gas disk. Photoevaporation of the disk by irradiation from the central star can produce a gap in the disk at a few AU, preventing planets outside the gap from migrating down to the star.}
}

@article{armitage2002predictions,
  title={Predictions for the frequency and orbital radii of massive extrasolar planets},
  author={Armitage, Philip J and Livio, Mario and Lubow, SH and Pringle, JE},
  journal={Monthly Notices of the Royal Astronomical Society},
  volume={334},
  number={1},
  pages={248--256},
  year={2002},
  publisher={The Royal Astronomical Society},
  keywords={rev, massive planets, migration, disk, viscosity},
  addendum={We investigate the migration of massive extrasolar planets caused by gravitational interaction with a viscous protoplanetary disc}
}


@article{brovz2013constraining,
  title={Constraining the cometary flux through the asteroid belt during the late heavy bombardment⋆},
  author={Bro{\v{z}}, M and Morbidelli, A and Bottke, WF and Rozehnal, J and Vokrouhlick{\`y}, D and Nesvorn{\`y}, D},
  journal={A\&A},
  volume={551},
  pages={A117},
  year={2013},
keywords={extra-solar,model,planetary systems},
addendum={}
}

@article{papaloizou2005planet,
  title={Planet formation and migration},
  author={Papaloizou, John CB and Terquem, Caroline},
  journal={Reports on Progress in Physics},
  volume={69},
  number={1},
  pages={119},
  year={2005},
  publisher={IOP Publishing},
keywords={primary,rev,planetary formation},
 addendum={}
}


@article{shu1990sling,
  title={Sling amplification and eccentric gravitational instabilities in gaseous disks},
  author={Shu, Frank H and Tremaine, Scott and Adams, Fred C and Ruden, Steven P},
  journal={The Astrophysical Journal},
  volume={358},
  pages={495--514},
  year={1990},
  keywords={rev,primary,gravitational instabilities,disk,waves},
  addendum={}
}

@article{durisen2006gravitational,
  title={Gravitational instabilities in gaseous protoplanetary disks and implications for giant planet formation},
  author={Durisen, Richard and Boss, Alan and Mayer, Lucio and Nelson, Andy and Quinn, Thomas and Rice, Ken},
  journal={arXiv preprint astro-ph/0603179},
  year={2006},
  keywords={rev,disk,gravitational instabilities,giant planets},
  addendum={}
}

@article{papaloizou2005models,
  title={Models of accreting gas giant protoplanets in protostellar disks},
  author={Papaloizou, John CB and Nelson, Richard P},
  journal={Astronomy \& Astrophysics},
  volume={433},
  number={1},
  pages={247--265},
  year={2005},
  publisher={EDP Sciences},
keywords={rev,accretion,giant planets,},
addendum={}
}

@article{papaloizou1999critical,
  title={Critical protoplanetary core masses in protoplanetary disks and the formation of short-period giant planets},
  author={Papaloizou, John CB and Terquem, Caroline},
  journal={The Astrophysical Journal},
  volume={521},
  number={2},
  pages={823},
  year={1999},
  publisher={IOP Publishing},
keywords={rev,accretion,formation,short-period,planetary systems},
addendum={We study a solid protoplanetary core undergoing radial migration in a protoplanetary disk. We consider cores in the mass range $\approx 1 − 10 \mearth{}$ embedded in a gaseous protoplanetary disk at different radial locations. We suppose the core luminosity is generated as a result of planetesimal accretion and calculate the structure of the gaseous envelope assuming hydrostatic and thermal equilibrium. This is a good approximation during the early growth of the core while its mass is less than the critical value, $M_c$, above which such static solutions can no longer be obtained and rapid gas accretion begins. The critical value corresponds to the crossover mass above which rapid gas accretion begins in time dependent calculations. We model the structure and evolution of the protoplanetary nebula as an accretion disk with constant . We present analytic ts for the steady state relation between disk surface density and mass accretion rate as a function of radius. We calculate $M_c$ as a function of radial location, gas accretion rate through the disk, and planetesimal accretion rate onto the core. For a fixed planetesimal accretion rate, $M_c$ is found to increase inwards. On the other hand it decreases with the planetesimal accretion rate and hence the core luminosity.}
}

@article{yorke1999formation,
  title={The formation of protostellar disks. III. The influence of gravitationally induced angular momentum transport on disk structure and appearance},
  author={Yorke, Harold W and Bodenheimer, Peter},
  journal={The Astrophysical Journal},
  volume={525},
  number={1},
  pages={330},
  year={1999},
  publisher={IOP Publishing},
  keywords={rev, angular momentum transport, disk, protostellar},
  addendum={Hydrodynamical two-dimensional calculations are presented for the evolution of collapsing, rotating
protostars, including the eÜects of radiative acceleration and angular momentum transport}
}

@article{boss2001gas,
  title={Gas giant protoplanet formation: disk instability models with thermodynamics and radiative transfer},
  author={Boss, Alan P},
  journal={The Astrophysical Journal},
  volume={563},
  number={1},
  pages={367},
  year={2001},
  publisher={IOP Publishing},
  keywords={rev,gravitational instabilities,giant planets,disk,protoplanets},
  addendum={}
}


@article{d1998accretion,
  title={Accretion disks around young objects. I. The detailed vertical structure},
  author={D'Alessio, Paola and Cant{\"o}, Jorge and Calvet, Nuria and Lizano, Susana},
  journal={The Astrophysical Journal},
  volume={500},
  number={1},
  pages={411},
  year={1998},
  publisher={IOP Publishing},
  keywords={accretion,rev,planetary systems,energy transport,disk, vertical structure},
  addendum={We discuss the properties of an accretion disk around a star with parameters typical of classical T Tauri stars (CTTS), and with the average accretion rate for these disks. The disk is assumed steady and geometrically thin. The turbulent viscosity coefficient is expressed using the $\alpha$ prescription and the main heating mechanisms considered are viscous dissipation and irradiation by the central star. The energy is transported by radiation, turbulent conduction and convection}
}

@article{goldreich2004planet,
  title={Planet formation by coagulation: A focus on Uranus and Neptune},
  author={Goldreich, Peter and Lithwick, Yoram and Sari, Re'em},
  journal={Annu. Rev. Astron. Astrophys.},
  volume={42},
  pages={549--601},
  year={2004},
  publisher={Annual Reviews},
keywords={rev,accretion, relative velocity, dynamical heat, solid body},
addendum={the later stages of the growth of Uranus and Neptune. We devote the rst half of the review to the basic physical processes responsible for the evolution of the masses and velocity dispersions of bodies in a protoplanetary disk. Rather than derive precise formulae governing the rates of these processes, we motivate approximate expressions that capture the relevant physics and refer the reader to more complete treatments in the literature. The second half of the review is concerned with the growth of planets starting from a disk of planetesimals.}
}

@article{sasselov2000snow,
  title={On the snow line in dusty protoplanetary disks},
  author={Sasselov, Dimitar D and Lecar, M},
  journal={The Astrophysical Journal},
  volume={528},
  number={2},
  pages={995},
  year={2000},
  publisher={IOP Publishing},
keywords={snow line,model},
addendum={We have attempted a ''self-consistent'' model of a T Tauri disk in the sense that we used dust properties and calculated surface temperatures that matched observed disks. We then calculated the midplane temperature for those disks, with no accretional heating or with small ($\leq\num{e-8}\msun{}\si{\per\year}$) accretion rates.}
}

@article{russell2006timescales,
  title={Timescales of the solar protoplanetary disk},
  author={Russell, Sara S and Hartmann, Lee and Cuzzi, Jeff and Krot, Alexander N and Gounelle, Matthieu and Weidenschilling, Stu},
  journal={Meteorites and the early solar system II},
  volume={233},
  year={2006},
  publisher={this volume. Univ. of Arizona, Tucson},
  keywords={timescale,rev,primary,disk,proto-solar}
}

@article{weidenschilling1977aerodynamics,
  title={Aerodynamics of solid bodies in the solar nebula},
  author={Weidenschilling, SJ},
  journal={Monthly Notices of the Royal Astronomical Society},
  volume={180},
  number={2},
  pages={57--70},
  year={1977},
  publisher={The Royal Astronomical Society},
  keywords={disk,rev,primary,solid bodies,gas-particle}
}

@inproceedings{weidenschilling1993formation,
  title={Formation of planetesimals in the solar nebula},
  author={Weidenschilling, SJ and Cuzzi, Jeffrey N},
  booktitle={Protostars and planets III},
  pages={1031--1060},
  year={1993},
  keywords={rev,primary,planetesimal,solar nebula,}
}

@article{weidenschilling1997accretional,
  title={Accretional evolution of a planetesimal swarm},
  author={Weidenschilling, SJ and Spaute, D and Davis, DR and Marzari, F and Ohtsuki, K},
  journal={Icarus},
  volume={128},
  number={2},
  pages={429--455},
  year={1997},
  publisher={Elsevier},
  keywords={rev,primary,accretion,planetesimal}
}

@article{weidenschilling1994coagulation,
  title={Coagulation of grains in static and collapsing protostellar clouds},
  author={Weidenschilling, SJ and Ruzmaikina, TV},
  journal={The Astrophysical Journal},
  volume={430},
  pages={713--726},
  year={1994},
  keywords={rev,primary,protostellar clouds,grains,coagulation,}
}

@article{weidenschilling2010particles,
  title={Particles in the nebular midplane: Collective effects and relative velocities},
  author={Weidenschilling, Stuart J},
  journal={Meteoritics \& Planetary Science},
  volume={45},
  number={2},
  pages={276--288},
  year={2010},
  publisher={Wiley Online Library},
  keywords={rev,primary,nebula,particles,collective effects,relative velocities}
}

@inproceedings{weidenschilling1997planetesimals,
  title={Planetesimals from stardust},
  author={Weidenschilling, SJ},
  booktitle={From Stardust to Planetesimals},
  volume={122},
  pages={281},
  year={1997},
  keywords={rev,primary,planetesimal,dust}
}

@article{hood2009nebular,
  title={Nebular shock waves generated by planetesimals passing through Jovian resonances: Possible sites for chondrule formation},
  author={Hood, Lon L and Ciesla, Fred J and Artemieva, Natalia A and Marzari, Francesco and Weidenschilling, Stuart J},
  journal={Meteoritics \& Planetary Science},
  volume={44},
  number={3},
  pages={327--342},
  year={2009},
  publisher={Wiley Online Library},
  keywords={rev,primary,planetesimals,chondrule,shock}
}

@article{weidenschilling2006accretion,
  title={Accretion dynamics and timescales: Relation to chondrites},
  author={Weidenschilling, SJ and Cuzzi, JN},
  journal={Meteorites and the early solar system II},
  volume={1},
  pages={473--485},
  year={2006},
  publisher={this volume. Univ. of Arizona, Tucson},
  keywords={rev,primary,accretion,chondrites}
}

@inproceedings{lissauer1993growth,
  title={Growth of planets from planetesimals},
  author={Lissauer, Jack J and Stewart, Glen R},
  booktitle={Protostars and planets III},
  pages={1061--1088},
  year={1993}
}


%% Solar system, satellites formation and phenomenology/

@article{marley1999reflected,
  title={Reflected spectra and albedos of extrasolar giant planets. I. Clear and cloudy atmospheres},
  author={Marley, Mark S and Gelino, Christopher and Stephens, Denise and Lunine, Jonathan I and Freedman, Richard},
  journal={The Astrophysical Journal},
  volume={513},
  number={2},
  pages={879},
  year={1999},
  publisher={IOP Publishing},
  keywords={atmosphere,giant planets,exoplanets,albedo},
  addendum={The reflected spectra of extrasolar giant planets are primarily influenced by Rayleigh scattering, molecular absorption, and atmospher
ic condensates. We present model geometric albedo and phase integral spectra and Bond albedos for planets and brown dwarfs with masses between $0.8$ and $70$ Jupiter masses.  Rayleigh scattering predominates in the blue while molecular absorption removes most red and
infrared photons. Thus cloud-free atmospheres, found on giant planets with effective temperatures exceeding about $400 K$, are quite dark in reflected light beyond $0.6\mu m$. In cooler atmospheres first water clouds and then other condensates provide a bright reflecting layer. Only planets with cloudy atmospheres will be detectable in reflected light beyond $1m$.}
}

@article{cowan2011statistics,
  title={The statistics of albedo and heat recirculation on hot exoplanets},
  author={Cowan, Nicolas B and Agol, Eric},
  journal={The Astrophysical Journal},
  volume={729},
  number={1},
  pages={54},
  year={2011},
  publisher={IOP Publishing},
  keywords={albedo,energy transport,hot planets,exoplanets},
  addendum={}
}

@article{backman1995model,
  title={Model of a Kuiper belt small grain population and resulting far-infrared emission},
  author={Backman, DE and Dasgupta, A and Stencel, RE},
  journal={The Astrophysical Journal Letters},
  volume={450},
  number={1},
  pages={L35},
  year={1995},
  publisher={IOP Publishing},
  keywords={Kuiper belt,IR,model},
  addendum={}
}

@article{clarke1982far,
  title={The far-ultraviolet spectra and geometric albedos of Jupiter and Saturn},
  author={Clarke, JT and Moos, HW and Feldman, PD},
  journal={The Astrophysical Journal},
  volume={255},
  pages={806--818},
  year={1982},
  keywords={UV,albedo,Jupiter,Saturn},
  addendum={}
}

@inproceedings{weidenschilling1986origin,
  title={Origin of the Moon from a circumterrestrial disk},
  author={Weidenschilling, SJ and Greenberg, R and Chapman, CR and Davis, DR and Hartmann, WK},
  booktitle={Origin of the moon},
  pages={731--762},
  year={1986},
  keywords={rev,primary,Moon,circumterrestrial disk,Moon formation}
}


@article{meyer2006formation,
  title={The formation and evolution of planetary systems: placing our solar system in context with spitzer},
  author={Meyer, Michael R and Hillenbrand, Lynne A and Backman, Dana and Beckwith, Steve and Bouwman, Jeroen and Brooke, Tim and Carpenter, John and Cohen, Martin and Cortes, Stephanie and Crockett, Nathan and others},
  journal={Publications of the Astronomical Society of the Pacific},
  volume={118},
  number={850},
  pages={1690},
  year={2006},
  publisher={IOP Publishing},
  keywords={rev,primary,solar system,formation,spitzer,observations}
}

@inproceedings{weidenschilling1984ring,
  title={Ring particles-Collisional interactions and physical nature},
  author={Weidenschilling, STUART J and Chapman, CR and Davis, DR and Greenberg, R},
  booktitle={IAU Colloq. 75: Planetary Rings},
  pages={367--415},
  year={1984},
  keywords={rings,saturn,collisions,rev,primary}
}


@article{nimmo2012impact,
  title={Impact-driven ice loss in outer Solar System satellites: Consequences for the Late Heavy Bombardment},
  author={Nimmo, F and Korycansky, DG},
  journal={Icarus},
  volume={219},
  number={1},
  pages={508--510},
  year={2012},
  publisher={Elsevier}
}

@article{canup2006common,
  title={A common mass scaling for satellite systems of gaseous planets},
  author={Canup, Robin M and Ward, William R},
  journal={Nature},
  volume={441},
  number={7095},
  pages={834--839},
  year={2006},
  publisher={Nature Publishing Group},
keywords={model,satellites,accretion},
addendum={We model satellite growth and loss as a forming giant planet accumulates gas and rock-ice solids from solar orbit. We find that the mass fraction of its satellite system is regulated to \num{e-4} by a balance of two competing processes: the supply of inflowing material to the satellites, and satellite loss through orbital decay driven by the gas.}
}

@article{canup2002formation,
  title={Formation of the Galilean satellites: Conditions of accretion},
  author={Canup, Robin M and Ward, William R},
  journal={The Astronomical Journal},
  volume={124},
  number={6},
  pages={3404},
  year={2002},
  publisher={IOP Publishing},
keywords={disk torque, Galileian satellites,},
addendum={Formation of the Galilean satellites in the context of an improved understanding of both Jovian accretion and the nature of satellite-disk interactions.}
}

@article{crida2012formation,
  title={Formation of regular satellites from ancient massive rings in the solar system},
  author={Crida, Aur{\'e}lien and Charnoz, S{\'e}bastien},
  journal={Science},
  volume={338},
  number={6111},
  pages={1196--1199},
  year={2012},
  publisher={American Association for the Advancement of Science},
keywords={model,satellites},
addendum={Uranus and Neptune used to have massive rings that disappeared to give birth to most of their regular satellites.}
}

@article{mosqueira2003formation,
  title={Formation of the regular satellites of giant planets in an extended gaseous nebula I: subnebula model and accretion of satellites},
  author={Mosqueira, Ignacio and Estrada, Paul R},
  journal={Icarus},
  volume={163},
  number={1},
  pages={198--231},
  year={2003},
  publisher={Elsevier},
keywords={model,satellites, accretion},
addendum={We model the subnebulae of Jupiter and Saturn wherein satellite accretion took place. We expect each giant planet subnebula to be composed of an optically thick (given gaseous opacity) inner region inside of the planet’s centrifugal radius (where the specic angular momentum of the collapsing giant planet gaseous envelope achieves centrifugal balance.}
}

@article{lissauer1993planet,
  title={Planet formation},
  author={Lissauer, Jack J},
  journal={Annual review of astronomy and astrophysics},
  volume={31},
  number={1},
  pages={129--172},
  year={1993},
  publisher={Annual Reviews 4139 El Camino Way, PO Box 10139, Palo Alto, CA 94303-0139, USA},
keywords={primary,rev,planetary systems,formation},
addendum={}
}

@inproceedings{lissauer1993growth,
  title={Growth of planets from planetesimals},
  author={Lissauer, Jack J and Stewart, Glen R},
  booktitle={Protostars and planets III},
  pages={1061--1088},
  year={1993},
  keywords={primary,rev,formation,terrestrial planets,Jovian planets,cores,planetesimals,3-body,runaway growth},
  addendum={}
}

@article{estrada2009formation,
  title={Formation of Jupiter and conditions for accretion of the Galilean satellites},
  author={Estrada, Paul R and Mosqueira, Ignacio and Lissauer, JJ and D’Angelo, Gennaro and Cruikshank, DP},
  journal={Europa, edited by RT Pappalardo, WB McKinnon, and K. Khurana, University of Arizona Press, Tucson},
  pages={27--58},
  year={2009},
keywords={rev,Jupiter,satellites,accretion},
addendum={We present an overview of the formation of Jupiter and its associated circumplanetary disk. Jupiter forms via a combination of planetesimal accretion and gravitational accumulation of gas from the surrounding solar nebula. The formation of the circumjovian gaseous disk, or subnebula, straddles the transitional stage between runaway gas accretion and Jupiter's eventual isolation from the circumsolar disk. This isolation, which effectively signals the termination of Jupiter's accretion, takes place as Jupiter opens a deep gas gap in the solar nebula, or the solar nebula gas dissipates.}
}

@article{nimmo2012impact,
  title={Impact-driven ice loss in outer Solar System satellites: Consequences for the Late Heavy Bombardment},
  author={Nimmo, F and Korycansky, DG},
  journal={Icarus},
  volume={219},
  number={1},
  pages={508--510},
  year={2012},
  publisher={Elsevier},
  keywords={lhb,outer solar system, satellites, impact, ice loss},
  addendum={}
}

@article{cuzzi2006particle,
  title={Particle-gas dynamics and primary accretion},
  author={Cuzzi, Jeffrey N and Weidenschilling, Stuart J},
  journal={Meteorites and the early solar system II},
  volume={353},
  year={2006},
  publisher={this volume. Univ. of Arizona, Tucson},
  keywords={primary,rev,accretion,particle-gas},
}

%extrasolar planets

@phdthesis{pena2010tidal,
  title={Tidal Dissipation in Extrasolar Planets},
  author={Pena, Fernando Gabriel},
  year={2010},
  keywords={primary,rev,extrasolar planets,tidal dissipation}
}

@article{sudarsky2000albedo,
  title={Albedo and reflection spectra of extrasolar giant planets},
  author={Sudarsky, David and Burrows, Adam and Pinto, Philip},
  journal={The Astrophysical Journal},
  volume={538},
  number={2},
  pages={885},
  year={2000},
  publisher={IOP Publishing},
  keywords={rev,albedo,extrasolar,giant planets,spectra,reflection}
}


%% dyn stability

@article{nagasawa2005dynamical,
  title={Dynamical shake-up of planetary systems. I. Embryo trapping and induced collisions by the sweeping secular resonance and embryo-disk tidal interaction},
  author={Nagasawa, M and Lin, DNC and Thommes, E},
  journal={The Astrophysical Journal},
  volume={635},
  number={1},
  pages={578},
  year={2005},
  publisher={IOP Publishing},
  keywords={rev,dynamical stability, terrestrial planets,secular resonances},
  addendum={We analyze the orbital evolution of terrestrial planetary embryos after oligarchic growth, including the effect of the sweeping Jupiter secular resonance combined with tidal drag during the depletion of the protoplanetary gas disk.}
}

@article{weidenschilling1975close,
  title={Close encounters of small bodies and planets},
  author={Weidenschilling, SJ},
  journal={The Astronomical Journal},
  volume={80},
  pages={145--153},
  year={1975},
  keywords={encounters,rev,model,probability,orbit,perturbation,collision,ejection,minor bodies}
}

@article{marzari2002eccentric,
  title={Eccentric extrasolar planets: the jumping Jupiter model},
  author={Marzari, F and Weidenschilling, SJ},
  journal={Icarus},
  volume={156},
  number={2},
  pages={570--579},
  year={2002},
  publisher={Elsevier},
  keywords={rev,primary,Jumping Jupiters,extrasolar,eccentric systems,dynamical stability}
}

%% planets interior 

@article{dederick2017possible,
  title={A Possible Mechanism for Driving Oscillations in Hot Giant Planets},
  author={Dederick, Ethan and Jackiewicz, Jason},
  journal={The Astrophysical Journal},
  volume={837},
  number={2},
  pages={148},
  year={2017},
  publisher={IOP Publishing},
  keywords={oscillations,driving mechanism,kappa,hot giant planets}
}

@article{durante2017effect,
  title={The effect of Jupiter oscillations on Juno gravity measurements},
  author={Durante, Daniele and Guillot, Tristan and Iess, Luciano},
  journal={Icarus},
  volume={282},
  pages={174--182},
  year={2017},
  publisher={Elsevier},
  keywords={Jupiter,oscillations,Juno,rev}
}

@article{atreya2016origin,
  title={The Origin and Evolution of Saturn, with Exoplanet Perspective},
  author={Atreya, Sushil K and Crida, Aur{\'e}lien and Guillot, Tristan and Lunine, Jonathan I and Madhusudhan, Nikku and Mousis, Olivier},
  journal={arXiv preprint arXiv:1606.04510},
  year={2016},
  keywords={Saturn,rev,primary}
}

@phdthesis{fuller2014dynamical,
  title={Dynamical tides and oscillations in star and planetary systems},
  author={Fuller, James Woodrow},
  year={2014},
  school={Cornell University},
  keywords={dynamics,tides,oscillations,stars,planetary systems,rev}
}

@phdthesis{guenel2016dissipation,
  title={Dissipation de mar{\'e}e dans les {\'e}toiles de faible masse et les plan{\`e}tes g{\'e}antes: ondes inertielles, structure interne et rotation diff{\'e}rentielle},
  author={Guenel, Mathieu},
  year={2016},
  school={Paris Saclay},
  keywords={waves,modes,rotation, low-mass stars, giant planets,rev}
}

@article{gaulme2011detection,
  title={Detection of Jovian seismic waves: a new probe of its interior structure},
  author={Gaulme, Patrick and Schmider, F-X and Gay, Jean and Guillot, Tristan and Jacob, Cedric},
  journal={Astronomy \& Astrophysics},
  volume={531},
  pages={A104},
  year={2011},
  publisher={EDP Sciences},
  keywords={}
}

@article{smoluchowski1967internal,
  title={Internal structure and energy emission of Jupiter},
  author={Smoluchowski, R},
  journal={Nature},
  volume={215},
  number={5102},
  pages={691},
  year={1967},
  publisher={Nature Publishing Group},
  keywords={Jupiter,interior,internal structure,energy emission,rev,primary}
}

@article{newburn1973survey,
  title={A survey of the outer planets Jupiter, Saturn, Uranus, Neptune, Pluto, and their satellites},
  author={Newburn, Ray L and Gulkis, S},
  journal={Space Science Reviews},
  volume={14},
  number={2},
  pages={179--271},
  year={1973},
  publisher={Springer},
  keywords={rev,primary,outer planets,Jupiter,Saturn,Uranus,Neptune,Pluto,rev,primary}
}

@article{hubbard1973structure,
  title={Structure of Jupiter and Saturn},
  author={Hubbard, WB and Smoluchowski, R},
  journal={Space Science Reviews},
  volume={14},
  number={5},
  pages={599--662},
  year={1973},
  publisher={Springer},
keywords={rev,primary,Jupiter,Saturn,internal structure,EOS}
}

@article{mordasini2013luminosity,
  title={Luminosity of young Jupiters revisited-Massive cores make hot planets},
  author={Mordasini, Christoph},
  journal={Astronomy \& Astrophysics},
  volume={558},
  pages={A113},
  year={2013},
  publisher={EDP Sciences},
  keywords={luminosty, young jupiters, entropy, hot planets,rev}
}

@article{marley2007luminosity,
  title={On the luminosity of young Jupiters},
  author={Marley, Mark S and Fortney, Jonathan J and Hubickyj, Olenka and Bodenheimer, Peter and Lissauer, Jack J},
  journal={The Astrophysical Journal},
  volume={655},
  number={1},
  pages={541},
  year={2007},
  publisher={IOP Publishing},
  keywords={luminosity,young Jupiters,entropy,rev}
}

@article{ross2001effect,
  title={Effect of chainlike structures on shock-compressed liquid deuterium},
  author={Ross, Marvin and Yang, Lin H},
  journal={Physical Review B},
  volume={64},
  number={13},
  pages={134210},
  year={2001},
  publisher={APS},
  keywords={D4 chains, shock-compressed liquid deuterium,deuterium,eos}
}

@article{saumon2004shock,
  title={Shock compression of deuterium and the interiors of Jupiter and Saturn},
  author={Saumon, Didier and Guillot, T},
  journal={The Astrophysical Journal},
  volume={609},
  number={2},
  pages={1170},
  year={2004},
  publisher={IOP Publishing},
  keywords={shock,deuterium,eos,Jupiter,Saturn,D4 chains,eos}
}

@article{fortney2008synthetic,
  title={Synthetic spectra and colors of young giant planet atmospheres: effects of initial conditions and atmospheric metallicity},
  author={Fortney, Jonathan J and Marley, Mark S and Saumon, Didier and Lodders, Katharina},
  journal={The Astrophysical Journal},
  volume={683},
  number={2},
  pages={1104},
  year={2008},
  publisher={IOP Publishing},
  keywords={synthetic, spectra, colors, young giant planet, atmospheres, conditions, atmospheric metallicity}
}

@article{marleau2013constraining,
  title={Constraining the initial entropy of directly detected exoplanets},
  author={Marleau, G-D and Cumming, Andrew},
  journal={Monthly Notices of the Royal Astronomical Society},
  volume={437},
  number={2},
  pages={1378--1399},
  year={2013},
  publisher={Oxford University Press},
  keywords={entropy,initial entropy, exoplanets,rev,primary}
}

@incollection{guillot2006physics,
  title={Physics of substellar objects interiors, atmospheres, evolution},
  author={Guillot, Tristan},
  booktitle={Extrasolar Planets},
  pages={243--367},
  year={2006},
  publisher={Springer},
  kewords={rev,planetary model,interior,atmosphere,evolution}
}


@article{guillot2005interiors,
  title={The interiors of giant planets: Models and outstanding questions},
  author={Guillot, Tristan},
  journal={Annu. Rev. Earth Planet. Sci.},
  volume={33},
  pages={493--530},
  year={2005},
  publisher={Annual Reviews},
  keywords={primary,rev,giant planets,planetary model}
}

@article{armitage2015physical,
  title={Physical processes in protoplanetary disks},
  author={Armitage, Philip J},
  journal={arXiv preprint arXiv:1509.06382},
  year={2015},
  keywords={protoplanetary disks,rev,primary}
}

@article{nagasawa2007diverse,
  title={The diverse origins of terrestrial-planet systems},
  author={Nagasawa, Makiko and Thommes, Edward W and Kenyon, Scott J and Bromley, Benjamin C and Lin, Douglas NC},
  journal={esc},
  volume={2},
  pages={1},
  year={2007},
  keywords={terrestrial planet, formation,primary,rev,simulation}
}

@phdthesis{drazkowska2014dust,
  title={From Dust to Planetesimals},
  author={Drazkowska, Joanna},
  year={2014},
  keywords={dust, planetesimals, rev,primary}
}

@incollection{youdin2013disks,
  title={From disks to planets},
  author={Youdin, Andrew N and Kenyon, Scott J},
  booktitle={Planets, Stars and Stellar Systems},
  pages={1--62},
  year={2013},
  publisher={Springer},
  keywords={disk, dust, planets, rev,primary}
}

@article{armitage2011dynamics,
  title={Dynamics of protoplanetary disks},
  author={Armitage, Philip J},
  journal={Annual Review of Astronomy and Astrophysics},
  volume={49},
  pages={195--236},
  year={2011},
  publisher={Annual Reviews},
  keywords={dynamics, disk, protoplanetary disk,rev,primary}
}

@article{mordasini2015global,
  title={Global models of planet formation and evolution},
  author={Mordasini, Christoph and Molli{\'e}re, P and Dittkrist, K-M and Jin, S and Alibert, Yann},
  journal={International Journal of Astrobiology},
  volume={14},
  number={2},
  pages={201--232},
  year={2015},
  publisher={Cambridge University Press},
  keywords={model, planetary formation,evolution,rev,primary}
}

@article{guillot2004interior,
  title={The interior of Jupiter},
  author={Guillot, Tristan and Stevenson, David J and Hubbard, William B and Saumon, Didier},
  journal={Jupiter: The Planet, Satellites and Magnetosphere},
  pages={35--57},
  year={2004},
  publisher={Cambridge University Press},
  keywords={planetary model,Jupiter,rev,primary}
}

@article{cody2008organic,
  title={Organic thermometry for chondritic parent bodies},
  author={Cody, GD and Alexander, CM O'D and Yabuta, H and Kilcoyne, ALD and Araki, T and Ade, H and Dera, P and Fogel, M and Militzer, B and Mysen, BO},
  journal={Earth and Planetary Science Letters},
  volume={272},
  number={1},
  pages={446--455},
  year={2008},
  publisher={Elsevier},
  keywords={chemical evolution,meteor,thermal evolution,observations}
  
}

@article{militzer2008massive,
  title={A massive core in Jupiter predicted from first-principles simulations},
  author={Militzer, B and Hubbard, William B and Vorberger, Jan and Tamblyn, Isaac and Bonev, SA},
  journal={The Astrophysical Journal Letters},
  volume={688},
  number={1},
  pages={L45},
  year={2008},
  publisher={IOP Publishing},
  keywords={Jupiter,core,primary,planetary model}
}

@article{levison2001could,
  title={Could the lunar "Late Heavy Bombardment" have been triggered by the formation of Uranus and Neptune?},
  author={Levison, Harold F and Dones, Luke and Chapman, Clark R and Stern, S Alan and Duncan, Martin J and Zahnle, Kevin},
  journal={Icarus},
  volume={151},
  number={2},
  pages={286--306},
  year={2001},
  publisher={Elsevier},
keywords={rev,lhb,moon,uranus,neptune,craters,},
addendum={}
}

@article{cole1995physics,
  title={The physics of planetary interiors},
  author={Cole, GHA},
  journal={Reports on Progress in Physics},
  volume={58},
  number={7},
  pages={755},
  year={1995},
  publisher={IOP Publishing},
keywords={planets,interior,rev,primary},
addendum={}
}

%%asteroids( and minor bodies)

@article{smirnov2013massive,
  title={Massive identification of asteroids in three-body resonances},
  author={Smirnov, Evgeny A and Shevchenko, Ivan I},
  journal={Icarus},
  volume={222},
  number={1},
  pages={220--228},
  year={2013},
  publisher={Elsevier},
  keywords={rev,three-body resonances,asteroids,resonances}
}


@article{williams1971resonances,
  title={Resonances in the Neptune-Pluto system},
  author={Williams, James G and Benson, GS},
  journal={The Astronomical Journal},
  volume={76},
  pages={167},
  year={1971},
  keywords={resonances,Neptune,Pluto}
}

@article{rabe1971trojans,
  title={Trojans and comets of the Jupiter group},
  author={Rabe, Eugene},
  journal={NASA Special Publication},
  volume={267},
  pages={407},
  year={1971},
  keywords={primary,trojans,comets,Jupiter}
}


@article{paez2015trojan,
  title={Trojan resonant dynamics, stability, and chaotic diffusion, for parameters relevant to exoplanetary systems},
  author={P{\'a}ez, Roc{\'i}o Isabel and Efthymiopoulos, Christos},
  journal={Celestial Mechanics and Dynamical Astronomy},
  volume={121},
  number={2},
  pages={139--170},
  year={2015},
  publisher={Springer},
  keywords={trojans,resonances,stability,chaotic diffusion}
}


@article{innanen1989studies,
  title={Studies on solar system dynamics. I-The stability of Saturnian Trojans},
  author={Innanen, KA and Mikkola, SEPPO},
  journal={The Astronomical Journal},
  volume={97},
  pages={900--908},
  year={1989},
  keywords={trojans,stability,Saturn}
}


@article{froeschle1989three,
  title={The three principal secular resonances $\nu$ 5, $\nu$ 6, and $\nu$ 16 in the asteroidal belt},
  author={Froeschl{\'e}, Ch and Scholl, H},
  journal={Celestial Mechanics and Dynamical Astronomy},
  volume={46},
  number={3},
  pages={231--251},
  year={1989},
  publisher={Springer},
  keywords={rev,primary,MB,resonances,secular resonances}
}


@article{nesvorny1998three,
  title={Three-body mean motion resonances and the chaotic structure of the asteroid belt},
  author={Nesvorn{\`y}, D and Morbidelli, A},
  journal={The Astronomical Journal},
  volume={116},
  number={6},
  pages={3029},
  year={1998},
  publisher={IOP Publishing},
  keywords={rev,resonances,asteroids},
  addendum={}
}

@article{armitage2007lecture,
  title={Lecture notes on the formation and early evolution of planetary systems},
  author={Armitage, Philip J},
  journal={arXiv preprint astro-ph/0701485},
  year={2007},
  keywords={formation,evolution, planetary systems,primary}
}

@incollection{morbidelli2013dynamical,
  title={Dynamical evolution of planetary systems},
  author={Morbidelli, Alessandro},
  booktitle={Planets, stars and stellar systems},
  pages={63--109},
  year={2013},
  publisher={Springer},
  keywords={dynamical evolution,planetary system,primary}
}

@article{levison2003role,
  title={The role of giant planets in terrestrial planet formation},
  author={Levison, Harold F and Agnor, Craig},
  journal={The Astronomical Journal},
  volume={125},
  number={5},
  pages={2692},
  year={2003},
  publisher={IOP Publishing},
  keywords={giant planets,terrestrial planets,formation,terrestrial planet formation}
}

@article{brasser2002role,
  title={The role of secular resonances on trojans of the terrestrial planets},
  author={Brasser, R and Lehto, HJ},
  journal={Monthly Notices of the Royal Astronomical Society},
  volume={334},
  number={1},
  pages={241--247},
  year={2002},
  publisher={The Royal Astronomical Society},
  keywords={secular resonances, trojans, terrestrial planets}
}

@article{marzari2002saturn,
  title={Saturn Trojans: stability regions in the phase space},
  author={Marzari, F and Tricarico, P and Scholl, H},
  journal={The Astrophysical Journal},
  volume={579},
  number={2},
  pages={905},
  year={2002},
  publisher={IOP Publishing},
  keywords={trojans,Saturn,stability}
}


@article{yu1999dynamics,
  title={The dynamics of Plutinos},
  author={Yu, Qingjuan and Tremaine, Scott},
  journal={The Astronomical Journal},
  volume={118},
  number={4},
  pages={1873},
  year={1999},
  publisher={IOP Publishing},
  keywords={rev,plutinos,model}
}

@article{tiscareno2009chaotic,
  title={Chaotic diffusion of resonant Kuiper belt objects},
  author={Tiscareno, Matthew S and Malhotra, Renu},
  journal={The Astronomical Journal},
  volume={138},
  number={3},
  pages={827},
  year={2009},
  publisher={IOP Publishing},
  keywords={Kuiper belt, resonances}
}

@article{morbidelli2004origin,
  title={Origin and orbital distribution of the trans-Neptunian scattered disc},
  author={Morbidelli, A and Emel'yanenko, VV and Levison, HF},
  journal={Monthly Notices of the Royal Astronomical Society},
  volume={355},
  number={3},
  pages={935--940},
  year={2004},
  publisher={Blackwell Science Ltd},
  keywords={TNO,origin,distribution,},
  addendum={}
}

@article{lykawka2011origin,
  title={Origin and dynamical evolution of Neptune Trojans--II. Long-term evolution},
  author={Lykawka, Patryk Sofia and Horner, Jonathan and Jones, Barrie W and Mukai, Tadashi},
  journal={Monthly Notices of the Royal Astronomical Society},
  volume={412},
  number={1},
  pages={537--550},
  year={2011},
  publisher={Blackwell Publishing Ltd Oxford, UK},
  keywords={rev,trojans,Neptune,origin,dynamical evolution,evolution,long-term},
  addendum={}
}

@article{paolicchi2002side,
  title={Side effects of collisions: spin rate changes, tumbling rotation states, and binary asteroids},
  author={Paolicchi, P and Burns, JA and Weidenschilling, SJ},
  journal={Asteroids III},
  pages={517--526},
  year={2002},
  publisher={this volume. Univ. of Arizona, Tucson},
  keywords={rev,collisions,asteroids,binary asteroids,rotation,spin rate changes, tumbling rotation states}
}


@article{weidenschilling2001very,
  title={Very early collisional evolution in the asteroid belt},
  author={Weidenschilling, Stuart J and Davis, Donald R and Marzari, Francesco},
  journal={Earth, planets and space},
  volume={53},
  number={11},
  pages={1093--1097},
  year={2001},
  publisher={The Seismological Society of Japan, Society of Geomagnetism and Earth, Planetary and Space Sciences, The Volcanological Society of Japan, The Geodetic Society of Japan, The Japanese Society for Planetary Sciences},
  keywords={collisions,asteroid belt,early evolution}
}


@inproceedings{hartmann1997yarkovsky,
  title={Yarkovsky effects-Possible consequences on meteorites and asteroids},
  author={Hartmann, WK and Farinella, P and Weidenschilling, SJ and Ryan, EW and Vokrouhlicky, D and Marzari, F and Spaute, D and Davis, DR},
  booktitle={Lunar and Planetary Science Conference},
  volume={28},
  pages={517},
  year={1997},
  keywords={Yarkovsky,meteorites,asteroids}
}


@article{merline2002asteroids,
  title={Asteroids do have satellites},
  author={Merline, William J and Weidenschilling, Stuart J and Durda, Daniel D and Margot, Jean-Luc and Pravec, Petr and Storrs, Alex D},
  journal={Asteroids III},
  volume={1},
  pages={289--312},
  year={2002},
  publisher={this volume. Univ. of Arizona, Tucson},
  keywords={rev,primary,asteroids,double asteroids}
}


@article{ghosh2003importance,
  title={Importance of the accretion process in asteroid thermal evolution: 6 Hebe as an example},
  author={Ghosh, Amitabha and Weidenschilling, Stuart J and McSween, Harry Y},
  journal={Meteoritics \& Planetary Science},
  volume={38},
  number={5},
  pages={711--724},
  year={2003},
  publisher={Wiley Online Library},
  keywords={primary,rev,asteroids,disk,accretion,thermal evolution},
}


@article{ghosh2006asteroidal,
  title={Asteroidal heating and thermal stratification of the asteroid belt},
  author={Ghosh, A and Weidenschilling, SJ and McSween Jr, HY and Rubin, A},
  journal={Meteorites and the early solar system II},
  pages={555--566},
  year={2006},
  publisher={this volume. Univ. of Arizona, Tucson},
  keywords={primary,rev,asteroidal heating,heat exchange,asteroid belt}
}


@article{brovz2011did,
  title={Did the Hilda collisional family form during the late heavy bombardment?},
  author={Bro{\v{z}}, M and Vokrouhlick{\'y}, D and Morbidelli, A and Nesvorn{\'y}, D and Bottke, WF},
  journal={Monthly Notices of the Royal Astronomical Society},
  volume={414},
  number={3},
  pages={2716--2727},
  year={2011},
  publisher={Blackwell Publishing Ltd Oxford, UK},
  keywords={lhb,collisional families,primary},
  addendum={The large age and the low probability of the collisional disruption lead us to the conclusion that the Hilda family might have been created during the late heavy bombardment (LHB) when the collisions were much more frequent. The Hilda family may thus serve as a test of orbital behaviour of planets during the LHB.}
}

@article{gomes1998dynamical,
  title={Dynamical effects of planetary migration on primordial Trojan-type asteroids},
  author={Gomes, RS},
  journal={The Astronomical Journal},
  volume={116},
  number={5},
  pages={2590},
  year={1998},
  publisher={IOP Publishing},
keywords={numerical,dynamical stability,trojans,migration},
addendum={}
}

@article{goldreich1980disk,
  title={Disk-satellite interactions},
  author={Goldreich, Peter and Tremaine, Scott},
  journal={The Astrophysical Journal},
  volume={241},
  pages={425--441},
  year={1980},
  keywords={rev,primary,rings,satellites,transport},
  addendum={We calculate the rate at which angular momentum and energy are transferred between a disk
and a satellite which orbit the same central mass. A satellite which moves on a circular orbit exerts
a torque on the disk only in the immediate vicinity of its Lindblad resonances. The direction of
angular momentum transport is outward, from disk material inside the satellite’s orbit to the
satellite and from the satellite to disk material outside its orbit. A satellite with an eccentric orbit
exerts a torque on the disk at corotation resonances as well as at Lindblad resonances. The angular
momentum and energy transfer at Lindblad resonances tends to increase the satellite’s orbit
eccentricity whereas the transfer at corotation resonances tends to decrease it. In a Keplerian disk,
to lowest order in eccentricity and in the absence of nonlinear effects, the corotation resonances
dominate by a slight margin and the eccentricity damps. However, if the strongest corotation
resonances saturate due to particle trapping, then the eccentricity grows.}
}

@article{malhotra1999dynamics,
  title={Dynamics of the Kuiper belt},
  author={Malhotra, Renu and Duncan, Martin and Levison, Harold},
  journal={arXiv preprint astro-ph/9901155},
  year={1999},
keywords={primary,rev,Kuiper belt, dynamical stability},
addendum={}
}

% IMF Initial mass function

@article{silk1977fragmentation,
  title={On the fragmentation of cosmic gas clouds. I-The formation of galaxies and the first generation of stars},
  author={Silk, J},
  journal={The Astrophysical Journal},
  volume={211},
  pages={638--648},
  year={1977},
  keywords={galaxies,popIII,gas clouds}
}


@article{shu1987star,
  title={Star formation in molecular clouds: observation and theory},
  author={Shu, Frank H and Adams, Fred C and Lizano, Susana},
  journal={Annual review of astronomy and astrophysics},
  volume={25},
  number={1},
  pages={23--81},
  year={1987},
  publisher={Annual Reviews 4139 El Camino Way, PO Box 10139, Palo Alto, CA 94303-0139, USA},
  keywords={primary,rev,molecular clouds,star formation},
  addendum={}
}


@article{larson1985cloud,
  title={Cloud fragmentation and stellar masses},
  author={Larson, Richard B},
  journal={Monthly Notices of the Royal Astronomical Society},
  volume={214},
  number={3},
  pages={379--398},
  year={1985},
  publisher={Oxford University Press Oxford, UK},
  keywords={},
  addendum={}
}

@article{padoan2002stellar,
  title={The stellar initial mass function from turbulent fragmentation},
  author={Padoan, Paolo and Nordlund, {\AA}ke},
  journal={The Astrophysical Journal},
  volume={576},
  number={2},
  pages={870},
  year={2002},
  publisher={IOP Publishing},
  keywords={rev,IMF,nebulae, clouds,star formation,post},
  addendum={}
}

@article{larson1985cloud,
  title={Cloud fragmentation and stellar masses},
  author={Larson, Richard B},
  journal={Monthly Notices of the Royal Astronomical Society},
  volume={214},
  number={3},
  pages={379--398},
  year={1985},
  publisher={Oxford University Press Oxford, UK},
  keywords={post,rev,IMF,clouds,nebulae, fragmentation,sheets,filaments},
  addendum={}
}

@article{klessen2000formation,
  title={The Formation of Stellar Clusters: Gaussian Cloud Conditions. I.},
  author={Klessen, Ralf S and Burkert, Andreas},
  journal={The Astrophysical Journal Supplement Series},
  volume={128},
  number={1},
  pages={287},
  year={2000},
  publisher={IOP Publishing},
  keywords={rev,post,numerical,IMF, fragmentation, nebulae},
  addendum={The isothermal dynamical evolution of a clumpy molecular cloud region and its fragmentation into a protostellar cluster is investigated numerically.}
}

%planetary seismology

@article{durante2017effect,
  title={The effect of Jupiter oscillations on Juno gravity measurements},
  author={Durante, Daniele and Guillot, Tristan and Iess, Luciano},
  journal={Icarus},
  volume={282},
  pages={174--182},
  year={2017},
  publisher={Elsevier},
  keywords={Jupiter,oscillations,Juno,gravity measurements}
}

@phdthesis{burr2007oscillations,
  title={On the Oscillations of Jupiter as observed by Voyager 2},
  author={Burr, Wesley},
  year={2007},
  keywords={rev,primary,oscillations,Jupiter,Voyager 2}
}

@article{rowe2017time,
  title={Time-series Analysis of Broadband Photometry of Neptune from K2},
  author={Rowe, Jason F and Gaulme, Patrick and Lissauer, Jack J and Marley, Mark S and Simon, Amy A and Hammel, Heidi B and Aguirre, V{\'\i}ctor Silva and Barclay, Thomas and Benomar, Othman and Boumier, Patrick and others},
  journal={The Astronomical Journal},
  volume={153},
  number={4},
  pages={149},
  year={2017},
  publisher={IOP Publishing},
  keywords={oscillations,photometry,Neptune}
}

@inproceedings{gaulme2017seismology,
  title={Seismology of Giant Planets: General Overview and Results from the Kepler K2 Observations of Neptune},
  author={Gaulme, Patrick},
  booktitle={EPJ Web of Conferences},
  volume={160},
  pages={05012},
  year={2017},
  organization={EDP Sciences},
  keywords={rev,seismology,giant planets,Neptune,Kepler K2}
}

@article{marley1990nonradial,
  title={Nonradial oscillations of Saturn: Implications for ring system structure.},
  author={Marley, Mark Scott},
  year={1990},
  publisher={The University of Arizona.},
  keywords={rev,primary,Saturn,ring system,oscillations,nonradial oscillations}
}