@article{baldner2009solar,
  title={Solar Magnetic Field Signatures in Helioseismic Splitting Coefficients},
  author={Baldner, Charles S and Antia, HM and Basu, Sarbani and Larson, Timothy P},
  journal={The Astrophysical Journal},
  volume={705},
  number={2},
  pages={1704},
  year={2009},
  publisher={IOP Publishing}
}

@article{chaplin1996solar,
  title={Solar core rotation: low-degree solar p-mode rotational splitting results from BiSON},
  author={Chaplin, WJ and Elsworth, Y and Howe, R and Isaak, GR and McLeod, CP and Miller, BA and New, R},
  journal={Monthly Notices of the Royal Astronomical Society},
  volume={280},
  number={3},
  pages={849--853},
  year={1996},
  publisher={Oxford University Press}
}

@article{duvall1984internal,
  title={Internal rotation of the Sun},
  author={Duvall, TL and Dziembowski, WA and Goode, PR and Gough, DO and Harvey, JW and Leibacher, JW},
  year={1984},
  publisher={Nature Publishing Group}
}

@article{elsworth1990variation,
  title={Variation of low-order acoustic solar oscillations over the solar cycle},
  author={Elsworth, Y and Howe, R and Isaak, GR and McLeod, CP and New, R},
  journal={Nature},
  volume={345},
  number={6273},
  pages={322--324},
  year={1990},
  publisher={Nature Publishing Group}
}

@article{gough1984influence,
  title={Influence of rotation and magnetic fields on stellar oscillation eigenfrequencies},
  author={Gough, DO and Taylor, PP},
  journal={Memorie della Societa Astronomica Italiana},
  volume={55},
  pages={215--226},
  year={1984}
}

@article{gough1990effect,
  title={The effect of rotation and a buried magnetic field on stellar oscillations},
  author={Gough, DO and Thompson, MJ},
  journal={Monthly Notices of the Royal Astronomical Society},
  volume={242},
  number={1},
  pages={25--55},
  year={1990},
  publisher={Oxford University Press}
}

@article{banerjee1995influence,
  title={The Influence of a Vertical Magnetic Field on Oscillations in an Isothermal Stratified Atmosphere. II.},
  author={Banerjee, Dipankar and Hasan, SS and Christensen-Dalsgaard, J},
  journal={The Astrophysical Journal},
  volume={451},
  pages={825},
  year={1995}
}


@article{gio78magnetic,
year={1978},
issn={0038-0938},
journal={Solar Physics},
volume={59},
number={1},
doi={10.1007/BF00154931},
title={Motions in solar magnetic tubes},
url={http://dx.doi.org/10.1007/BF00154931},
publisher={Kluwer Academic Publishers},
author={Giovanelli, R.G. and Nikolsky, G.M. and Harvey, J.W.},
pages={49-64},
language={English}
}


@incollection{isaak1986linewidth,
  title={Linewidth and rotational splitting of low degree modes in the 5 minute region},
  author={Isaak, GR},
  booktitle={Seismology of the Sun and the Distant Stars},
  pages={223--228},
  year={1986},
  publisher={Springer}
}

@article{schou1992resolving,
  title={The resolving power of current helioseismic inversions for the Sun's internal rotation},
  author={Schou, J and Christensen-Dalsgaard, J and Thompson, MJ},
  journal={The Astrophysical Journal},
  volume={385},
  pages={L59--L62},
  year={1992}
}

@article{turck2009dynamics,
  title={The Dynamics perspective including the observation of the deep solar magnetism},
  author={Turck-Chi{\`e}ze, S},
  journal={EAS Publications Series},
  volume={39},
  pages={69--82},
  year={2009},
  publisher={EDP Sciences}
}

@incollection{ulrich1986solar,
  title={Solar internal stresses: rotation and magnetic fields},
  author={Ulrich, Roger K},
  booktitle={Physics of the Sun},
  pages={161--175},
  year={1986},
  publisher={Springer}
}
