@article{alf47granulation,
  title={Granulation, magneto-hydrodynamic waves, and the heating of the solar corona},
  author={Alfv{\'e}n, Hannes and Lindblad, B},
  journal={Monthly Notices of the Royal Astronomical Society},
  volume={107},
  number={2},
  pages={211--219},
  year={1947},
  publisher={Oxford University Press}
}

@article{and75nonadiabatic,
  title={Nonadiabatic nonradial oscillations-an application to the five-minute oscillation of the sun},
  author={Ando, Hiroyasu and Osaki, Yoji},
  journal={Publications of the Astronomical Society of Japan},
  volume={27},
  pages={581--603},
  year={1975}
}

@article{appourchaux2000observational,
  title={Observational upper limits to low-degree solar g-modes},
  author={Appourchaux, T and Fr{\"o}hlich, C and Andersen, B and Berthomieu, G and Chaplin, WJ and Elsworth, Y and Finsterle, W and Gough, DO and Hoeksema, JT and Isaak, GR and others},
  journal={The Astrophysical Journal},
  volume={538},
  number={1},
  pages={401},
  year={2000},
  publisher={IOP Publishing}
}

@article{appourchaux1998art,
  title={The art of fitting p-mode spectra-I. Maximum likelihood estimation},
  author={Appourchaux, Thierry and Gizon, Laurent and Rabello-Soares, M-C},
  journal={Astronomy and Astrophysics Supplement Series},
  volume={132},
  number={1},
  pages={107--119},
  year={1998},
  publisher={EDP Sciences}
}

@article{baudin2005inferred,
  title={Inferred acoustic rates of solar p modes from several helioseismic instruments},
  author={Baudin, F and Samadi, R and Goupil, M-J and Appourchaux, T and Barban, C and Boumier, P and Chaplin, WJ and Gouttebroze, P},
  journal={Astronomy \& Astrophysics},
  volume={433},
  number={1},
  pages={349--356},
  year={2005},
  publisher={EDP Sciences}
}

@article{bro76oscillations,
  title={Observation of free oscillations of the Sun},
  author={Brookes, JR and Isaak, GR and Van der Raay, HB},
  journal={Nature},
  volume={259},
  pages={92--95},
  year={1976}
}

@article{chaplin2005model,
  title={On model predictions of the power spectral density of radial solar p modes},
  author={Chaplin, WJ and Houdek, G and Elsworth, Y and Gough, DO and Isaak, GR and New, R},
  journal={Monthly Notices of the Royal Astronomical Society},
  volume={360},
  number={3},
  pages={859--868},
  year={2005},
  publisher={Oxford University Press}
}

@article{chaplin2002measurement,
  title={On the measurement precision of solar p-mode eigenfrequencies},
  author={Chaplin, WJ and Elsworth, Y and Isaak, GR and Miller, BA and New, R},
  journal={Monthly Notices of the Royal Astronomical Society},
  volume={330},
  number={3},
  pages={731--736},
  year={2002},
  publisher={Oxford University Press}
}

@article{chaplin1998solar,
  title={Solar p-mode excitation: further insight from recent low-l BiSON helioseismological data},
  author={Chaplin, WJ and Elsworth, Y and Isaak, GR and Lines, R and McLeod, CP and Miller, BA and New, R},
  journal={Monthly Notices of the Royal Astronomical Society},
  volume={298},
  number={1},
  pages={L7--L11},
  year={1998},
  publisher={Oxford University Press}
}

@article{cla79solar,
  title={Solar structure from global studies of the 5-minute oscillation},
  author={Claverie, A and Isaak, GR and McLeod, CP and Van der Raay, HB and Cortes, T Roca},
  year={1979},
  publisher={Nature Publishing Group}
}

@article{chr92solar,
  title={Solar oscillations and the equation of state},
  author={Christensen-Dalsgaard, J{\o}rgen and D{\"a}ppen, Werner},
  journal={The Astronomy and Astrophysics Review},
  volume={4},
  number={3},
  pages={267--361},
  year={1992},
  publisher={Springer}
}

@article{christensen1982interpretation,
  title={On the interpretation of five-minute oscillations in solar spectrum line shifts},
  author={Christensen-Dalsgaard, J and Gough, DO},
  journal={Monthly Notices of the Royal Astronomical Society},
  volume={198},
  number={1},
  pages={141--171},
  year={1982},
  publisher={Oxford University Press}
}

@article{christensen1983radiative,
  title={Radiative transfer and solar oscillations},
  author={Christensen-Dalsgaard, J{\o}rgen and Frandsen, S{\o}ren},
  journal={Solar Physics},
  volume={82},
  number={1-2},
  pages={165--204},
  year={1983},
  publisher={Springer}
}

@article{chaplin2008framework,
  title={A framework for describing correlated excitation of solar p-modes},
  author={Chaplin, WJ and Elsworth, Y and Toutain, T},
  journal={Astronomische Nachrichten},
  volume={329},
  number={5},
  pages={440--446},
  year={2008},
  publisher={Wiley Online Library}
}

@article{cow41oscillations,
  title={The non-radial oscillations of polytropic stars},
  author={Cowling, TG},
  keywords={Smodes,polytropes},
  journal={Monthly Notices of the Royal Astronomical Society},
  volume={101},
  pages={367},
  year={1941}
}

@article{dziembowski2004helioseismic,
  title={Helioseismic probing of solar variability: the formalism and simple assessments},
  keywords={asphericity, variability},
  author={Dziembowski, Wojciech A and Goode, Philip R},
  journal={The Astrophysical Journal},
  volume={600},
  number={1},
  pages={464},
  year={2004},
  publisher={IOP Publishing}
}

@article{dziembowski1998solar,
  title={Solar cycle onset seen in SOHO Michelson Doppler Imager seismic data},
  keywords={asphericity},
  author={Dziembowski, WA and Goode, PR and DiMauro, MP and Kosovichev, AG and Schou, J},
  journal={The Astrophysical Journal},
  volume={509},
  number={1},
  pages={456},
  year={1998},
  publisher={IOP Publishing}
}

@article{dziembowski1997seismic,
  title={Seismic sounding of the solar core: purging the corruption from the Sun's magnetic activity.},
  keywords={magnetic field, variability, asphericity},
  author={Dziembowski, WA and Goode, Philip R},
  journal={Astronomy and Astrophysics},
  volume={317},
  pages={919--924},
  year={1997}
}

@article{deu79solar,
  title={Solar p-mode oscillations as a tracer of radial differential rotation},
  author={Deubner, F-L and Ulrich, Roger K and Rhodes Jr, EJ},
  journal={Astronomy and Astrophysics},
  volume={72},
  pages={177--185},
  year={1979}
}

@article{deu75observations,
  title={Observations of low wavenumber nonradial eigenmodes of the Sun},
  author={Deubner, F-L},
  journal={Astronomy and Astrophysics},
  volume={44},
  pages={371--375},
  year={1975}
}

@article{duv82dispersion,
  title={A dispersion law for solar oscillations},
  author={Duvall, Thomas L},
  year={1982},
  publisher={Nature Publishing Group}
}

@article{goldreich1977solar,
  title={Solar seismology. I-The stability of the solar p-modes},
  author={Goldreich, Peter and Keeley, Douglas A},
  journal={The Astrophysical Journal},
  volume={211},
  pages={934--942},
  year={1977}
}

@article{goode2002evolution,
  title={Evolution of the sun's near-surface asphericities over the activity cycle},
  keywords={asphericity, magnetic field},
  author={Goode, Philip R and Didkovsky, LV and Libbrecht, KG and Woodard, MF},
  journal={Advances in Space Research},
  volume={29},
  number={12},
  pages={1889--1898},
  year={2002},
  publisher={Elsevier}
}

@article{hill78long,
  title={Long-period oscillations of the apparent solar diameter-Observations},
  author={Brown, TM and Stebbins, RT and Hill, HA},
  journal={The Astrophysical Journal},
  volume={223},
  pages={324--338},
  year={1978}
}

@article{houdek2006stochastic,
  title={Stochastic excitation and damping of solar-type oscillations},
  author={Houdek, G},
  keywords={rev,modes,excitation},
  journal={arXiv preprint astro-ph/0612024},
  year={2006}
}

@article{houdek2001changes,
  title={Changes in convective properties over the solar cycle: effect on p-mode damping rates},
  author={Houdek, G and Chaplin, WJ and Appourchaux, T and Christensen-Dalsgaard, J and D{\"a}ppen, W and Elsworth, Y and Gough, DO and Isaak, GR and New, R and Rabello-Soares, MC},
  journal={Monthly Notices of the Royal Astronomical Society},
  volume={327},
  number={2},
  pages={483--487},
  year={2001},
  publisher={Oxford University Press}
}

@article{houdek2006stochastic,
  title={Stochastic excitation and damping of solar-type oscillations},
  author={Houdek, G},
  journal={arXiv preprint astro-ph/0612024},
  year={2006}
}

@article{jain1996influence,
  title={The influence of magnetism on p-mode surface amplitudes},
  author={Jain, Rekha and Hindman, Bradley W and Zweibel, Ellen G},
  journal={The Astrophysical Journal},
  volume={464},
  pages={476},
  year={1996}
}

@incollection{jor81sun,
  title={The Sun as a star},
  author={Leibacher, JW and Stein, RF and Jordan, S},
  booktitle={NASA-CNRS Monograph Series on Nonthermal Phenomena in Stellar Atmospheres,},
  pages={263--287},
  year={1981}
}

@article{lei62velocity,
  title={Velocity Fields in the Solar Atmosphere. I. Preliminary Report.},
  author={Leighton, Robert B and Noyes, Robert W and Simon, George W},
  journal={The Astrophysical Journal},
  volume={135},
  pages={474},
  year={1962}
}

@article{mathur2007characteristics,
  keywords={rotation,g-modes},
  title={On the characteristics of the solar gravity mode frequencies},
  author={Mathur, S and Turck-Chi{\'e}ze, S and Couvidat, S and Garcia, RAz},
  journal={The Astrophysical Journal},
  volume={668},
  number={1},
  pages={594},
  year={2007},
  publisher={IOP Publishing}
}

@article{nigam1998measuring,
  title={Measuring the sun's eigenfrequencies from velocity and intensity helioseismic spectra: Asymmetrical line profile-fitting formula},
  author={Nigam, R and Kosovichev, AG},
  journal={The Astrophysical Journal Letters},
  volume={505},
  number={1},
  pages={L51},
  year={1998},
  publisher={IOP Publishing}
}

@article{rosenthal1998convective,
  title={Convective contributions to the frequencies of solar oscillations},
  author={Rosenthal, Colin S and Christensen-Dalsgaard, J{\o}rgen and Nordlund, Ake and Stein, Robert F and Trampedach, Regner},
  keywords={rev,turbulence,entropy},
  journal={arXiv preprint astro-ph/9803206},
  year={1998}
}

@article{rudiger1997influence,
  title={The influence of turbulence on the solar p-mode frequencies I. Free-mode approximation},
  author={R{\"u}diger, G and Hasler, K-H and Kitchatinov, LL},
  journal={Astronomische Nachrichten},
  volume={318},
  number={3},
  pages={173--181},
  year={1997},
  publisher={Wiley Online Library}
}

@article{rhodes1977observations,
  title={Observations of nonradial p-mode oscillations on the Sun},
  author={Rhodes Jr, Edward J and Ulrich, Roger K and Simon, George W},
  journal={The Astrophysical Journal},
  volume={218},
  pages={901--919},
  year={1977}
}

@article{samadi2006solar,
  title={Solar-like oscillation amplitudes and line-widths as a probe for turbulent convection in stars},
  author={Samadi, R and Belkacem, Kevin and Goupil, M-J and Kupka, F and Dupret, M-A},
  journal={Proceedings of the International Astronomical Union},
  volume={2},
  number={S239},
  pages={349--357},
  year={2006},
  publisher={Cambridge Univ Press}
}

@incollection{samadi2011stochastic,
  title={Stochastic excitation of acoustic modes in stars},
  author={Samadi, R},
  booktitle={The Pulsations of the Sun and the Stars},
  pages={305--340},
  year={2011},
  publisher={Springer}
}

@article{ste74waves,
  title={Waves in the solar atmosphere},
  author={Stein, Robert F and Leibacher, John},
  journal={Annual Review of Astronomy and Astrophysics},
  volume={12},
  pages={407--435},
  year={1974}
}

@article{stein2001solar,
  title={Solar oscillations and convection. II. Excitation of radial oscillations},
  author={Stein, RF and Nordlund, {\AA}ke},
  keywords={rev,convection,entropy,modes,excitation,radial},
  journal={The Astrophysical Journal},
  volume={546},
  number={1},
  pages={585},
  year={2001},
  publisher={IOP Publishing}
}

@article{thiery2000analysis,
  title={Analysis of asymmetric p-mode profiles in GOLF data},
  author={Thiery, S and Boumier, P and Gabriel, AH and Bertello, L and Lazrek, M and Garc{\'\i}a, RA and Grec, G and Robillot, JM and Roca Cort{\'e}s, T and Turck-Chi{\`e}ze, S and others},
  journal={Astronomy and Astrophysics},
  volume={355},
  pages={743--750},
  year={2000}
}

@article{turck1997first,
  title={First view of the solar core from GOLF acoustic modes},
  author={Turck-Chieze, S and Basu, S and Brun, AS and Christensen-Dalsgaard, J and Eff-Darwich, A and Lopes, I and Hern{\'a}ndez, F P{\'e}rez and Berthomieu, G and Provost, J and Ulrich, RK and others},
  journal={Solar Physics},
  volume={175},
  number={2},
  pages={247--265},
  year={1997},
  publisher={Springer}
}

@article{ulrich1977sensitivity,
  title={The sensitivity of nonradial p mode eigenfrequencies to solar envelope structure},
  author={Ulrich, Roger K and Rhodes Jr, Edward J},
  journal={The Astrophysical Journal},
  volume={218},
  pages={521--529},
  year={1977}
}