@article{bah95solar,
  title={Solar models with helium and heavy-element diffusion},
  author={Bahcall, John N and Pinsonneault, MH and Wasserburg, GJ},
  journal={Reviews of Modern Physics},
  volume={67},
  number={4},
  pages={781},
  year={1995},
  publisher={APS}
}