@book{ber03solar,
  title={Physics of the solar system: dynamics and evolution, space physics, and spacetime structure},
  author={Bertotti, Bruno and Farinella, Paolo and Vokrouhlick{\'y}, David},
  volume={293},
  year={2003},
  publisher={Springer Science \& Business Media},
  keywords={planets,Solar system,magnetic fields,perturbations},addendum={}
  
}

@inproceedings{dohnanyi196847,
  title={47. Collisional model of asteroids and their debris},
  author={Dohnanyi, JS},
  booktitle={Symposium-International Astronomical Union},
  volume={33},
  pages={486--503},
  year={1968},
  organization={Cambridge University Press},
  keywords={collisions, asteroids,MB},addendum={}
}

@article{o2003steady,
  title={Steady-state size distributions for collisional populations:: analytical solution with size-dependent strength},
  author={O'Brien, David P and Greenberg, Richard},
  journal={Icarus},
  volume={164},
  number={2},
  pages={334--345},
  year={2003},
  publisher={Elsevier},
  keywords={collisions,Solar system,asteroids,MB,TNO,Kuiper},addendum={}
  
}