@article{scharlemann1982tides,
  title={Tides in differentially rotating convective envelopes. II-The tidal coupling},
  author={Scharlemann, ET},
  journal={The Astrophysical Journal},
  keywords={},
  volume={253},
  pages={298--308},
  year={1982}
}

@article{scharlemann1981tides,
  title={Tides in differentially rotating convective envelopes. I-The inviscid tidal velocity},
  keywords={},
  author={Scharlemann, ET},
  journal={The Astrophysical Journal},
  volume={246},
  pages={292--305},
  year={1981},
  related={scharlemann1982tides}
}