@article{bastian2010universal,
  title={A universal stellar initial mass function? A critical look at variations},
  author={Bastian, Nate and Covey, Kevin R and Meyer, Michael R},
  journal={Annual Review of Astronomy and Astrophysics},
  volume={48},
  pages={339--389},
  year={2010},
  publisher={Annual Reviews},
  keywords={},addendum={}
}