@book{edd26internal,
  title={The internal constitution of the stars},
  author={Eddington, Arthur S and Eddington, Arthur Stanley},
  year={1926},
  publisher={Cambridge University Press}
}

@book{han12stellar,
  title={Stellar interiors: physical principles, structure, and evolution},
  author={Hansen, Carl J and Kawaler, Steven D and Trimble, Virginia},
  year={2012},
  publisher={Springer Science \& Business Media}
}