@book{edd26internal,
  title={The internal constitution of the stars},
  author={Eddington, Arthur S and Eddington, Arthur Stanley},
  year={1926},
  publisher={Cambridge University Press}
}

@book{han12stellar,
  title={Stellar interiors: physical principles, structure, and evolution},
  author={Hansen, Carl J and Kawaler, Steven D and Trimble, Virginia},
  year={2012},
  publisher={Springer Science \& Business Media}
}

@article{talon2008transport,
  title={Transport processes in stars: diffusion, rotation, magnetic fields and internal waves}, 
  author={Talon, Suzanne},
  keywords={rev,diffusion,rotation,magnetic field,transport,angular momentum,igw},
  journal={EAS Publications Series},
  volume={32},
  pages={81--130},
  year={2008},
  publisher={EDP Sciences}
}