@article{basu2000much,
  title={How much do helioseismological inferences depend on the assumed reference model?},
  author={Basu, Sarbani and Pinsonneault, MH and Bahcall, John N},
  keywords={accuracy,inversion},
  journal={The Astrophysical Journal},
  volume={529},
  number={2},
  pages={1084},
  year={2000},
  publisher={IOP Publishing}
}

@article{boothroyd2003our,
  title={Our Sun. IV. The standard model and helioseismology: consequences of uncertainties in input physics and in observed solar parameters},
  author={Boothroyd, Arnold I and Sackmann, I-Juliana},
  keywords={solar model, HInversion,uncertainties},
  journal={The Astrophysical Journal},
  volume={583},
  number={2},
  pages={1004},
  year={2003},
  publisher={IOP Publishing}
}

@article{couvidat2003solar,
  title={Solar seismic models and the neutrino predictions},
  author={Couvidat, S and Turck-Chieze, S and Kosovichev, AG},
  keywords={magnetic field,seismic model,neutrinos},
  journal={The Astrophysical Journal},
  volume={599},
  number={2},
  pages={1434},
  year={2003},
  publisher={IOP Publishing}
}

@article{delahaye2006solar,
  title={The solar heavy-element abundances. I. Constraints from stellar interiors},
  author={Delahaye, Franck and Pinsonneault, MH},
  keywords={abundances,HInversion,uncertainties},
  journal={The Astrophysical Journal},
  volume={649},
  number={1},
  pages={529},
  year={2006},
  publisher={IOP Publishing}
}

@article{ludwig1998calibration,
  title={A calibration of the mixing-length for solar-type stars based on hydrodynamical simulations-I. Methodical aspects and results for solar metallicity},
  author={Ludwig, H-G and Freytag, Bernd and Steffen, Matthias},
  keywords={entropy,convection,hydrodynamics},
  journal={arXiv preprint astro-ph/9811179},
  year={1998}
}

@article{naumov2011solar,
  title={Solar neutrinos. Astrophysical aspects},
  author={Naumov, VA},
  keywords={nuclear reactions},
  journal={Physics of Particles and Nuclei Letters},
  volume={8},
  number={7},
  pages={683--703},
  year={2011},
  publisher={Springer}
}

@article{nordlund2009solar,
  title={Solar surface convection},
  author={Nordlund, {\AA}ke and Stein, Robert F and Asplund, Martin},
  keywords={rev,convection,magnetic field,composition,atmosphere},
  journal={Living Reviews in Solar Physics},
  volume={6},
  number={1},
  pages={1--117},
  year={2009},
  publisher={Springer}
}

@article{rogers2002updated,
  title={Updated and expanded OPAL equation-of-state tables: implications for helioseismology},
  author={Rogers, FJ and Nayfonov, A},
  keywords={eos,opacity,atoms,molecules,partition function},
  journal={The Astrophysical Journal},
  volume={576},
  number={2},
  pages={1064},
  year={2002},
  publisher={IOP Publishing}
}