@article{alf47granulation,
  title={Granulation, magneto-hydrodynamic waves, and the heating of the solar corona},
  author={Alfv{\'e}n, Hannes and Lindblad, B},
  journal={Monthly Notices of the Royal Astronomical Society},
  volume={107},
  number={2},
  pages={211--219},
  year={1947},
  publisher={Oxford University Press}
}