@article{cas68phaselag,
  title={A simplified picture of the Cepheid phase lag},
  author={Castor, John I},
  keywords={Cepheids,phase lag},
  journal={The Astrophysical Journal},
  volume={154},
  pages={793},
  year={1968}
}

@article{cowling1949oscillations,
  title={The Oscillations of a Rotating Star.},
  author={Cowling, TG and Newing, RA},
  keywords={rotation,frequencies},
  journal={The Astrophysical Journal},
  volume={109},
  pages={149},
  year={1949}
}

@article{tassoul1968adiabatic,
  title={Adiabatic Pulsations and Convective Instability of Gaseous Masses - III},
  author={Tassoul, Fean Louis and Ferraro, VCA},
  keywords={convection,pulsation,adiabatic pulsation},
  journal={Monthly Notices of the Royal Astronomical Society},
  volume={138},
  number={1},
  pages={123--136},
  year={1968},
  publisher={Oxford University Press}
}

@article{smeyers1971second,
  title={Second order rotational perturbation of non-radial oscillations of a star},
  author={Smeyers, P and Denis, J},
  keywords={rotation,frequencies,non-radial,generalized coordinates},
  journal={Astronomy and Astrophysics},
  volume={14},
  pages={311},
  year={1971}
}

@inproceedings{dziembowski1993mode,
  title={Mode selection and other nonlinear phenomena in stellar oscillations},
  author={Dziembowski, WA},
  keywords={mode selection,nonlinearities,oscillations,rev},
  booktitle={IAU Colloq. 137: Inside the Stars},
  volume={40},
  pages={521--534},
  year={1993}
}

@article{cuypers1980calculation,
  title={On the calculation of the frequency splitting of adiabatic nonradial stellar oscillations by slow differential rotation},
  author={Cuypers, J},
  keywords={rotation,modes,frequencies,splittings,oscillations,adiabatic,nonradial,tesi},
  journal={Astronomy and Astrophysics},
  volume={89},
  pages={207},
  year={1980}
}

@article{hansen1977effects,
  title={The effects of differential rotation on the splitting of nonradial modes of stellar oscillation},
  author={Hansen, CJ and Cox, JP and Van Horn, HM},
  keywords={rotation,modes,frequencies,splittings,oscillations,adiabatic,nonradial,tesi},
  journal={The Astrophysical Journal},
  volume={217},
  pages={151--159},
  year={1977}
}

@techreport{gau03history,
  title={The history of radial stellar pulsation theory},
  author={Gautschy, Alfred},
  keywords={rev,radial pulsations,history},
  year={2003},
  institution={ETH-Bibliothek (Z{\"u}rich)}
}

@inproceedings{gough2002hydrodynamics,
  title={On the Hydrodynamics of Stellar Pulsation and Stability (invited review)},
  author={Gough, DO},
  keywords={rev,hydrodynamics,modes},
  booktitle={IAU Colloq. 185: Radial and Nonradial Pulsationsn as Probes of Stellar Physics},
  volume={259},
  pages={37},
  year={2002}
}

@article{chandrasekhar1954pulsation,
  title={On the Pulsation of a Star in which There is a Prevalent Magnetic Field.},
  author={Chandrasekhar, S and Limber, D Nelson},
  keywords={magnetic field,oscillations,pulsations},
  journal={The Astrophysical Journal},
  volume={119},
  pages={10},
  year={1954}
}

@article{chandrasekhar1953problems,
  title={Problems of Gravitational Stability in the Presence of a Magnetic Field.},
  author={Chandrasekhar, Subrahmanyan and Fermi, Enrico},
  keywords={gravitational stability,magnetic field},
  journal={The Astrophysical Journal},
  volume={118},
  pages={116},
  year={1953}
}

@article{hagen21variablestars,
  title={The astrophysical problem of variable stars},
  author={Hagen, JG},
  keywords={variable stars},
  journal={Monthly Notices of the Royal Astronomical Society},
  volume={81},
  pages={226--228},
  year={1921}
}

@article{lea12periods,
  title={Periods of 25 Variable Stars in the Small Magellanic Cloud.},
  author={Leavitt, Henrietta S and Pickering, Edward C},
  keywords={variable stars},
  journal={Harvard College Observatory Circular},
  volume={173},
  pages={1--3},
  year={1912}
}

@article{sha14nature,
  title={On the nature and cause of Cepheid variation},
  author={Shapley, Harlow},
  keywords={Cepheids},
  journal={The Astrophysical Journal},
  volume={40},
  pages={448},
  year={1914}
}

@article{zhe63variable,
  title={Physical basis of the pulsation theory of variable stars},
  author={Zhevakin, SA},
  keywords={oscillations,pulsations,variable stars},
  journal={Annual Review of Astronomy and Astrophysics},
  volume={1},
  pages={367},
  year={1963}
}