
<!DOCTYPE html>
<html lang="fr">
    <head>
        

        <title>Cite This For Me: Générateur de bibliographie automatique</title>
    
        <meta name="description" content="Créez vos citations, listes de références et bibliographies automatiquement en utilisant les styles de référencement APA, Harvard, ISO 690, MLA. C'est rapide et gratuit !" />
        <meta name="keywords" content="harvard referencing, harvard referencing generator, apa referencing, apa style, mla style, reference generator, citethisforme, bibliography generator" />
        <meta name="version" content="352"/>
        <meta http-equiv="Content-Language" content="fr">
        <meta http-equiv="Content-Type" content="text/html; charset=utf-8">
        <meta name="viewport" content="width=device-width,initial-scale=1,maximum-scale=1,user-scalable=no">
        <meta name="apple-itunes-app" content="app-id=1027913690">
    
        <meta property="og:image" content="http://www.citethisforme.com/Content/images/fb_og.png" />
        <meta property="og:title" content="Save Time and Improve your Marks with CiteThisForMe, The No. 1 Citation Tool" />
        <meta property="og:description" content="Automatically reference everything correctly with CiteThisForMe. Save your work forever, build multiple bibliographies, run plagiarism checks, and much more."/>
        <meta property="og:type" content="website"/>
        <meta property="og:url" content="http://www.citethisforme.com"/>
        <meta property="og:site_name" content="Cite This For Me"/>
	
        <meta name="twitter:card" content="summary">
        <meta name="twitter:site" content="@CiteThisForMe">
        <meta name="twitter:title" content="Cite This For Me: Générateur de bibliographie automatique">
        <meta name="twitter:description" content="Créez vos citations, listes de références et bibliographies automatiquement en utilisant les styles de référencement APA, Harvard, ISO 690, MLA. C'est rapide et gratuit !">
        <meta name="twitter:image:src" content="http://www.citethisforme.com/content/images/logos/ctfm-svg.svg?4af1ee">
        
        <meta name="google-signin-client_id" content="968780588470-i89g985udq4advecp103greg4j63rqaj.apps.googleusercontent.com">
        <meta name="baidu-site-verification" content="A6eAtYCjYF" />

        <link href="/favicon.ico?v=7" rel="shortcut icon" />
        <!-- Standard iPhone --> 
        <link rel="apple-touch-icon" sizes="57x57" href="/apple-touch-icon-114.png?v=2" />
        <!-- Retina iPhone --> 
        <link rel="apple-touch-icon" sizes="114x114" href="/apple-touch-icon-114.png?v=2" />
        <!-- Standard iPad --> 
        <link rel="apple-touch-icon" sizes="72x72" href="/apple-touch-icon-144.png?v=2" />
        <!-- Retina iPad --> 
        <link rel="apple-touch-icon" sizes="144x144" href="/apple-touch-icon-144.png?v=2" />
        <!-- Android 2.2 -->
        <link rel="apple-touch-icon-precomposed" sizes="144x144" href="/apple-touch-icon-144.png?v=2" />
    
        <link href="https://fonts.googleapis.com/css?family=Open+Sans:400,300,600,700,400italic,300italic,600italic,700italic" rel="stylesheet" type="text/css" />
        <link href="/Content/ctfm.css?4b8a5d" rel="stylesheet" type="text/css" />
	
        <script src="https://ajax.googleapis.com/ajax/libs/jquery/2.0.3/jquery.min.js" type="text/javascript"></script>    
        <script src="/Scripts/bundling?v=4x56wMWt7BN1dxGYDwOlMXtKkaz97yJ7zZoiLO-7dbo1"></script>

    
        
        <script type="text/javascript">
            //Google Analytics
            var _gaq = _gaq || [];
            _gaq.push(['_setAccount', 'UA-17563040-1']);
            _gaq.push(['_trackPageview']);

            (function () {
                var ga = document.createElement('script'); ga.type = 'text/javascript'; ga.async = true;
                ga.src = ('https:' == document.location.protocol ? 'https://ssl' : 'http://www') + '.google-analytics.com/ga.js';
                var s = document.getElementsByTagName('script')[0]; s.parentNode.insertBefore(ga, s);
            })();
        </script>
        <!-- Hotjar Tracking Code for Cite This for Me -->
        <script>
            (function (h, o, t, j, a, r) {
                h.hj = h.hj || function () { (h.hj.q = h.hj.q || []).push(arguments) };
                h._hjSettings = { hjid: 7094, hjsv: 5 };
                a = o.getElementsByTagName('head')[0];
                r = o.createElement('script'); r.async = 1;
                r.src = t + h._hjSettings.hjid + j + h._hjSettings.hjsv;
                a.appendChild(r);

                    h.hj("trigger", "free");
            })(window, document, '//static.hotjar.com/c/hotjar-', '.js?sv=');
        </script>
        <script src="https://apis.google.com/js/platform.js"></script>
        
        <!-- optimizely -->
        <script src="//cdn.optimizely.com/js/3215600058.js"></script>
        
        <!-- google ads -->
        <script type='text/javascript'>
            var googletag = googletag || {};
            googletag.cmd = googletag.cmd || [];
            (function () {
                var gads = document.createElement('script');
                gads.async = true;
                gads.type = 'text/javascript';
                var useSSL = 'https:' == document.location.protocol;
                gads.src = (useSSL ? 'https:' : 'http:') +
                    '//www.googletagservices.com/tag/js/gpt.js';
                var node = document.getElementsByTagName('script')[0];
                node.parentNode.insertBefore(gads, node);
            })();
        </script>

        

    </head>

    <body>
        <div id="fb-root"></div> <!-- needed for facebook btn -->
        <div class="alert-container">
            <div class="alert-error alert"><a class="close">&#215;</a>Cette bibliographie est vide. Ajouter quelques références d'abord !</div>
        </div>
        
        


<script>
    // this script is here because we only want it to work on pages using this template (the 'app' pages). Other pages (Premium/Topic ideas/Guides) have the tab bar but not the tabs, so this code wouldn't work on them anyway.
    $(document).ready(function() {
        // tabs
        $(document).on('click', '.tabs a[data-tab-for-ribbon]', function (e) {
            e.preventDefault();

            $('.ribbon').hide();
            $('.tabs a').removeClass('selected');

            var el = $(this);
            el.addClass('selected');

            var dataRibbon = el.data('tab-for-ribbon');
            $('.ribbon[data-ribbon=' + dataRibbon + ']').show();
        });
    })
</script>

<header class="title-bar">
	<ul class="left-toolbar social-buttons-wrapper-slim">
	</ul>
	<h1>G&#233;n&#233;rateur de bibliographie automatique</h1>
    <ul class="right-toolbar">
        <li>
            <a href="https://imagineeasy.desk.com/customer/portal/emails/new?b_id=9252" >Contact us <i class="fa fa-envelope"></i></a>
        </li>
        <li>
            <a href="javascript:void(0)" class="js-show-help">Aide <i class="fa fa-info-circle"></i></a>
        </li>
    </ul>
</header>


<nav class="tabs">
    <div class="tabs-container">
        <ul>
            <li>
                <div class="dropdown">
                    <a href="javascript:void(0)" data-toggle="dropdown" class="primary">Cite This For Me</a>
                    <div class="dropdown-menu width-1">
                        <a href="https://imagineeasy.desk.com/customer/portal/emails/new?b_id=9252" class="btn-small"><b class="d16 mail"></b>Nous envoyer un courrier &#233;lectronique</a>
                        <a href="https://twitter.com/intent/tweet?screen_name=citethisforme" class="btn-small"><b style="background:url(/Content/images/icons/twitter.png)"></b>Nous twitter</a>
                        
                        <a href="/fr/extras/termsofservice" class="btn-small"><b class="d16 documents"></b>Terms of service</a>
                        <a href="http://www.chegg.com" style="float:left; width:188px; text-align: center; padding:10px 0;" target="_new"><img src="/Content/images/chegg.png?49d6c5" style="" /></a>
                    </div>
                </div>
            </li>
            <li>
                <a href="/fr" data-tab-for-ribbon="bibliographies" class="selected">Bibliographie</a>
            </li>
            <li>
                <a href="/fr" data-tab-for-ribbon="extras">Extras</a>
            </li>
            <li>
                <a href="/topic-ideas" class="">Topic Ideas</a>
            </li>
            <li>
                <a href="/guides" class="">Citation Guides</a>
            </li>
                <li>
                    <a href="/fr/premium?from=tab" class="">cr&#233;er un compte</a>
                </li>
            
        </ul>
        <div class="account">
                <div class="not-logged-in">Non connect&#233;. <a href="/fr/premium/login">Se connecter</a> ou <a href="/fr/premium?from=create">cr&#233;er un compte</a></div>
        </div>
    </div>
    <div style="clear:both;"></div>
</nav>


<div class="ribbon" data-ribbon="bibliographies">
    <div class="ribbon-container">
        <div class="ribbon-group">
            <a href="/fr/cite/website" class="btn-large js-load-via-modal">
                <b class="d32 internet-add"></b>
                <span>Site web</span>
            </a>
            <a href="/fr/cite/journal" class="btn-large js-load-via-modal">
                <b class="d32 report-add"></b>
                <span>Article Revue</br>Scientifique</span>
            </a>
            <a href="/fr/cite/book" class="btn-large js-load-via-modal">
                <b class="d32 book_open-add"></b>
                <span>Livre</span>
            </a>

            <div class="dropdown">
                <a href="javascript:void(0)" class="btn-large" data-toggle="dropdown" onclick="_gaq.push(['_trackEvent', 'Toolbar buttons', 'Source types dropdown']);">
                    <b class="d32 gear-add"></b>
                    <span>Plus<i class="caret"></i></span>
                </a>
<div class="dropdown-menu width-3">
    <header>
        Plus de types de r&#233;f&#233;rence
    </header>
        <div class="btn-group">
                <a href="/fr/cite/archive-material" class="btn-small js-load-via-modal">
                    <b class="d16 archive-material"></b>
                    Mat&#233;riau d&#39;archive
                </a>
                <a href="/fr/cite/artwork" class="btn-small js-load-via-modal">
                    <b class="d16 artwork"></b>
                    Objet d&#39;art
                </a>
                <a href="/fr/cite/blog" class="btn-small js-load-via-modal">
                    <b class="d16 blog"></b>
                    Blog
                </a>
                <a href="/fr/cite/book" class="btn-small js-load-via-modal">
                    <b class="d16 book"></b>
                    Livre
                </a>
                <a href="/fr/cite/broadcast" class="btn-small js-load-via-modal">
                    <b class="d16 broadcast"></b>
                    Diffusion
                </a>
                <a href="/fr/cite/chapter-of-an-edited-book" class="btn-small js-load-via-modal">
                    <b class="d16 chapter-of-an-edited-book"></b>
                    Chapitre d&#39;un livre &#233;dit&#233;
                </a>
                <a href="/fr/cite/conference-proceedings" class="btn-small js-load-via-modal">
                    <b class="d16 conference-proceedings"></b>
                    Rapport de conf&#233;rence
                </a>
                <a href="/fr/cite/court-case" class="btn-small js-load-via-modal">
                    <b class="d16 court-case"></b>
                    Jugement
                </a>
                <a href="/fr/cite/dictionary-entry" class="btn-small js-load-via-modal">
                    <b class="d16 dictionary-entry"></b>
                    Entr&#233;e de dictionnaire
                </a>
                <a href="/fr/cite/dissertation" class="btn-small js-load-via-modal">
                    <b class="d16 dissertation"></b>
                    dissertation
                </a>
        </div>
        <div class="btn-group">
                <a href="/fr/cite/dvd-video-or-film" class="btn-small js-load-via-modal">
                    <b class="d16 dvd-video-or-film"></b>
                    DVD, vid&#233;o ou film
                </a>
                <a href="/fr/cite/ebook" class="btn-small js-load-via-modal">
                    <b class="d16 ebook"></b>
                    E-Book ou PDF
                </a>
                <a href="/fr/cite/edited-book" class="btn-small js-load-via-modal">
                    <b class="d16 edited-book"></b>
                    Livre &#233;dit&#233;
                </a>
                <a href="/fr/cite/email" class="btn-small js-load-via-modal">
                    <b class="d16 email"></b>
                    Courrier &#233;lectronique
                </a>
                <a href="/fr/cite/encyclopedia-article" class="btn-small js-load-via-modal">
                    <b class="d16 encyclopedia-article"></b>
                    Article d&#39;encyclop&#233;die
                </a>
                <a href="/fr/cite/government-publication" class="btn-small js-load-via-modal">
                    <b class="d16 government-publication"></b>
                    Publication gouvernementale
                </a>
                <a href="/fr/cite/interview" class="btn-small js-load-via-modal">
                    <b class="d16 interview"></b>
                    Entretien
                </a>
                <a href="/fr/cite/journal" class="btn-small js-load-via-modal">
                    <b class="d16 journal"></b>
                    Revue scientifique
                </a>
                <a href="/fr/cite/magazine" class="btn-small js-load-via-modal">
                    <b class="d16 magazine"></b>
                    Magazine
                </a>
                <a href="/fr/cite/music" class="btn-small js-load-via-modal">
                    <b class="d16 music"></b>
                    Musique ou enregistrement
                </a>
        </div>
        <div class="btn-group">
                <a href="/fr/cite/newspaper" class="btn-small js-load-via-modal">
                    <b class="d16 newspaper"></b>
                    Journal
                </a>
                <a href="/fr/cite/online-image-or-video" class="btn-small js-load-via-modal">
                    <b class="d16 online-image-or-video"></b>
                    Image ou vid&#233;o en ligne
                </a>
                <a href="/fr/cite/patent" class="btn-small js-load-via-modal">
                    <b class="d16 patent"></b>
                    Brevet
                </a>
                <a href="/fr/cite/podcast" class="btn-small js-load-via-modal">
                    <b class="d16 podcast"></b>
                    Podcast
                </a>
                <a href="/fr/cite/presentation" class="btn-small js-load-via-modal">
                    <b class="d16 presentation"></b>
                    Pr&#233;sentation ou conf&#233;rence
                </a>
                <a href="/fr/cite/press-release" class="btn-small js-load-via-modal">
                    <b class="d16 press-release"></b>
                    Communiqu&#233; de presse
                </a>
                <a href="/fr/cite/religious-text" class="btn-small js-load-via-modal">
                    <b class="d16 religious-text"></b>
                    Texte sacr&#233;
                </a>
                <a href="/fr/cite/report" class="btn-small js-load-via-modal">
                    <b class="d16 report"></b>
                    Rapport
                </a>
                <a href="/fr/cite/software" class="btn-small js-load-via-modal">
                    <b class="d16 software"></b>
                    Logiciel
                </a>
                <a href="/fr/cite/website" class="btn-small js-load-via-modal">
                    <b class="d16 website"></b>
                    Site web
                </a>
        </div>
</div>            </div>
            <div class="legend">
                1. Ajouter une r&#233;f&#233;rence
            </div>
        </div>

        <div class="ribbon-group">
            <div class="dropdown">
                <a href="javascript:void(0)" class="btn-large" data-toggle="dropdown" onclick="_gaq.push(['_trackEvent', 'Toolbar buttons', 'Citation styles dropdown']);" style="padding-left:10px; padding-right:10px;">
                    <b class="d32 list-edit"></b>

                    <span>Style de citation<i class="caret inline"></i><br /><span class="js-selected-style" style="display:inline-block; max-width:80px; overflow: hidden; white-space:nowrap;text-overflow:ellipsis; vertical-align: bottom;" title="Harvard">Harvard</span></span>

                </a>
                <div class="dropdown-menu width-3 js-change-style-dropdown" style="max-height:450px; overflow:auto;">
                    <header>
                        Changer le style
                        <a href="http://citationstyles.org" target="_blank" class="powered-by-csl" rel="nofollow">powered by CSL</a>
                    </header>
                    <div class="btn-group">
                        <h3>Populaire</h3>
                            <a href="/fr/american-medical-association" class="btn-small">
                                <b class="d16 font"></b>
                                <span>AMA</span>
                            </a>
                            <a href="/fr/apa" class="btn-small">
                                <b class="d16 font"></b>
                                <span>APA (6th edition)</span>
                            </a>
                            <a href="/fr/chicago-author-date" class="btn-small">
                                <b class="d16 font"></b>
                                <span>Chicago (16th edition, author-date)</span>
                            </a>
                            <a href="/fr/harvard" class="btn-small">
                                <b class="d16 font"></b>
                                <span>Harvard</span>
                            </a>
                            <a href="/fr/ieee" class="btn-small">
                                <b class="d16 font"></b>
                                <span>IEEE</span>
                            </a>
                            <a href="/fr/iso690-author-date-en" class="btn-small">
                                <b class="d16 font"></b>
                                <span>ISO 690</span>
                            </a>
                            <a href="/fr/modern-humanities-research-association" class="btn-small">
                                <b class="d16 font"></b>
                                <span>MHRA (3rd edition)</span>
                            </a>
                            <a href="/fr/mla" class="btn-small">
                                <b class="d16 font"></b>
                                <span>MLA (7th edition)</span>
                            </a>
                            <a href="/fr/oscola" class="btn-small">
                                <b class="d16 font"></b>
                                <span>OSCOLA</span>
                            </a>
                            <a href="/fr/turabian-fullnote-bibliography" class="btn-small">
                                <b class="d16 font"></b>
                                <span>Turabian (8th edition)</span>
                            </a>
                            <a href="/fr/vancouver" class="btn-small">
                                <b class="d16 font"></b>
                                <span>Vancouver</span>
                            </a>
                    </div>
                    <div class="btn-group reference-styles">
                        <fieldset>
                            <div class="input-row">
<form action="/fr/cite/reference-styles" class="js-reference-style-search" method="get">                                    <input name="q" type="text" placeholder="Rechercher..." autocomplete="off" />
                                    <button type="submit">
                                        <i class="fa fa-search"></i>
                                    </button>
</form>                            </div>
                        </fieldset>
                        <div class="js-reference-styles-list">
                            <script>
                                $(document).ready(function () {
                                    applyReferenceStyleSearch();
                                });
                            </script>
                        </div>
                    </div>
                </div>
            </div>
            <div class="legend">
                2. Choose style
            </div>
        </div>

        <div class="ribbon-group">
            <a href="/fr/cite/download/copy-and-paste" class="btn-large">
                <b class="d32 clipboard"></b>
                <span>Copier-<br/>coller</span>
            </a>
            
            <div class="dropdown">
                <a href="javascript:void(0)" class="btn-large" data-toggle="dropdown">
                    <b class="d32 microsoft_word"></b>
                    <span>Télécharger<br/>vers Word<i class="caret inline"></i></span>
                </a>
                <div class="dropdown-menu width-1">
                    <div class="btn-group">
                        <a href="/fr/cite/download/to-docx" class="btn-small">
                            <b class="d16 word-document"></b>
                            <span>Download as .DOCX</span>
                        </a>
                        <a href="/fr/cite/download/to-rtf" class="btn-small">
                            <b class="d16 word-document"></b>
                            <span>Download as .RTF</span>
                        </a>
                    </div>
                </div>
            </div>

            <a href="/fr/cite/bibliography/new" class="btn-large js-load-via-modal">
                <b class="d32 documents-add add-bibliography"></b>
                <span>Nouvelle<br/>Bibliographie</span>
            </a>

            <div class="dropdown">
                <a href="javascript:void(0)" class="btn-large" data-toggle="dropdown">
                    <b class="d32 papers-edit"></b>

                    <span>My<br/>Bibliographies<i class="caret inline"></i></span>
                </a>
                <div class="dropdown-menu width-1">
                    <header>
                        Your bibliographies
                    </header>
                    <div class="btn-group">
<form action="/fr/cite/bibliography/delete" class="js-delete-bibliography-form" method="post">                            <div class="select-list">
                                <label>
                                    <b class="d16 documents"></b>
                                    <select class="js-change-bib-dropdown" name="id"><optgroup label="Vos bibliographies"><option data-href="/fr/cite/bibliography/switch-to/0" selected="selected" value="0">Votre bibliographie (0 r&#233;f&#233;rences)</option></optgroup></select>
                                </label>
                            </div>
</form>                    </div>
                </div>
            </div>

            <div class="dropdown">
                <a href="javascript:void(0)" class="btn-large" onclick="_gaq.push(['_trackEvent', 'Toolbar buttons', 'More bibliography options dropdown']);" data-toggle="dropdown">
                    <b class="d32 page-config"></b>

                    <span>Plus<i class="caret inline"></i></span>

                </a>
                <div class="dropdown-menu width-1">
                    <header>
                        More options
                    </header>
                    <div class="btn-group">
<form action="/fr/cite/bibliography/delete" class="js-delete-bibliography-form" method="post">                            <button type="submit" class="btn-small">
                                <b class="d16 documents-delete"></b>
                                <span>Supprimer la bibliographie</span>
                            </button>
</form>                        <a href="/fr/cite/bibliography/invite" class="btn-small js-load-via-modal">
                            <b class="d16 user_group"></b>
                            <span>Share with group</span>
                        </a>
                            <a href="/fr/cite/download/prompt?target=send%20to%20email&amp;continue=%2Ffr%2Fcite%2Fdownload%2Femail" class="btn-small js-load-via-modal">
                                <b class="d16 mail"></b>
                                <span>Envoyer &#224; l&#39;adresse &#233;lectronique</span>
                            </a>
                            <div class="dropdown" style="border-top:1px solid #e1e1e1; margin-top:1px; padding-top:1px;">
                                <a href="javascript:void(0)" class="btn-small" data-toggle="dropdown">
                                    <b class="d16 export"></b>
                                    <span>Exporter<i class="caret-right inline"></i></span>
                                </a>
                                <div class="dropdown-menu submenu width-1" style="top:-1px;">
                                    <a href="/fr/cite/download/prompt?target=export%20as%20BibTeX&amp;continue=%2Ffr%2Fcite%2Fdownload%2Fto-bibtex" class="btn-small js-load-via-modal">
                                        <b class="d16 bibtex"></b>
                                        <span>Exporter en tant que BibTeX</span>
                                    </a>
                                    <a href="/fr/cite/download/prompt?target=export%20to%20Google%20Docs&amp;continue=%2Ffr%2Fcite%2Fdownload%2Fto-cloud-drive" class="btn-small js-load-via-modal">
                                        <b class="d16 googledocs"></b>
                                        <span>Exporter vers Google Drive</span>
                                    </a>
                                    <a href="/fr/cite/download/prompt?target=export%20to%20Evernote&amp;continue=%2Ffr%2Fcite%2Fdownload%2Fto-evernote" class="btn-small js-load-via-modal">
                                        <b class="d16 evernote"></b>
                                        <span>Exporter vers Evernote</span>
                                    </a>
                                </div>
                            </div>
                    </div>

                </div>
            </div>
            <div class="legend">3. Edit your bibliography</div>
        </div>

        <div class="ribbon-group">
            
                <a href="/fr/premium/plagiarism" class="btn-large">
                    <b class="d32 analysis"></b>
                    <span>Check for<br/>Plagiarism</span>
                </a>

            <a href="http://bit.ly/GrammarlyF" target="_new" class="btn-large">
                <b class="d32 spellcheck"></b>
                <span>Spelling &amp;<br/>Grammar</span>
            </a>

                <a href="/fr/premium/wordaddon?v=1" class="btn-large">
                    <b class="d32 microsoft_word"></b>
                    <span>Add-on<br/>Word</span>
                </a>

            <a href="https://chrome.google.com/webstore/detail/cite-this-for-me-web-cite/nnnmhgkokpalnmbeighfomegjfkklkle" target="_blank" class="btn-large">
                <b class="d32 chrome"></b>
                <span>Add-on</br>Chrome</span>
            </a>

            <a href="/fr/cite/resources/mobile-app" class="btn-large js-load-via-modal" onclick="_gaq.push(['_trackEvent', 'App popup clicked']);">
                <b class="d32 mobile_app"></b>
                <span>Mobile<br/>App</span>
            </a>

            <div class="legend">
                4. Use our Pro features
            </div>
        </div>
        
        <div class="ribbon-group" >
            <a href="/fr/cite/resources/suggestions" class="btn-large js-load-via-modal" style="margin-left:4px;">
                <b class="d32 lightbulb"></b>
                <span>Suggestions</span>
            </a>
            <div class="legend">
                5. Suggestions
            </div>

        </div>
    </div>
</div>
	
<div class="ribbon" data-ribbon="extras" style="display:none;">
	<div class="ribbon-group">
		<a href="https://chrome.google.com/webstore/detail/cite-this-for-me-web-cite/nnnmhgkokpalnmbeighfomegjfkklkle" target="_blank" class="btn-large">
			<b class="d32 chrome"></b>
			<span>Add-on</br>Chrome</span>
		</a>
			
		<div class="legend">
			Ajouts
		</div>
	</div>
    
    <div class="ribbon-group">
        <a href="/guides" class="btn-large">
            <b class="d32 light_on"></b>
            <span>Guides<br/>Style</span>
        </a>
        <a href="/fr/institutions" class="btn-large">
            <b class="d32 tool_ruler2"></b>
            <span>Institution<br/>Comptes</span>
        </a>
        <a href="http://blog.citethisforme.com/" class="btn-large" target="_new">
            <b class="d32 text"></b>
            <span>Notre blog</span>
        </a>
			
        <div class="legend">
            Ressources
        </div>
    </div>
    
    <div class="ribbon-group js-social-buttons" style="width:150px;">
        <a href="/fr/cite/resources/add-us-to-your-site" class="btn-large js-load-via-modal" style="margin-left:30px;">
            <b class="d32 link"></b>
            <span>Add us</span>
        </a>
        <div class="legend">
            Add us to your site
        </div>

    </div>
</div>
	

<div id="welcome-modal" class="modal" data-uses-overlay="true">
    <a href="javascript:void(0)" class="close">×</a>
    <div class="primary">
        <h2>Bienvenue &#224; Cite This For Me</h2>
        <h3 style="font-size:30px; margin:30px 0;">We help you create bibliographies in 60 seconds or less</h3>
        <div class="form-padder">
<form action="/fr/cite/book/autocite" class="js-submit-via-modal js-welcome-search-form" method="post" style="margin-bottom:20px;">                <fieldset style="margin-bottom:30px;">
                    <div class="input-row">
                        <label class="js-intro-sourcetype-dropdown" style="background:#eee; color:#000; cursor:pointer; padding:5px 10px;">
                            <span class="js-welcome-search-label">Cite a Book</span> <i class="fa fa-chevron-circle-down"></i>
                            <ul class="source-dropdown">
                                <li data-form-action="/fr/cite/book/autocite" data-field-name="bkQry" data-field-placeholder="Enter the book title, author, or ISBN">Cite a Book</li>
                                <li data-form-action="/fr/cite/journal/autocite" data-field-name="jrQry" data-field-placeholder="Search for the article title, or enter a DOI">Cite a Journal</li>
                                <li data-form-action="/fr/cite/website/autocite" data-field-name="autociteUrl" data-field-placeholder="Enter a URL to cite a website">Cite a Website</li>
                                <li>
                                    <div class="dropdown" style="float:none;">
                                        <a href="javascript:void(0)"data-toggle="dropdown">
                                            <span>Other types<i class="caret-right inline"></i></span>
                                        </a>
                                        <div class="dropdown-menu submenu width-3" style="left:60px; top:-294px; width:508px;">
                                            <header>
                                                Plus de types de r&#233;f&#233;rence
                                            </header>
                                                <div class="btn-group" style="float:left;">
                                                        <a href="/fr/cite/archive-material" class="btn-small js-load-via-modal" style="font-weight:400; font-size:12px; width:168px;">
                                                            <b class="d16 archive-material"></b>
                                                            Archive material
                                                        </a>
                                                        <a href="/fr/cite/artwork" class="btn-small js-load-via-modal" style="font-weight:400; font-size:12px; width:168px;">
                                                            <b class="d16 artwork"></b>
                                                            Artwork
                                                        </a>
                                                        <a href="/fr/cite/blog" class="btn-small js-load-via-modal" style="font-weight:400; font-size:12px; width:168px;">
                                                            <b class="d16 blog"></b>
                                                            Blog
                                                        </a>
                                                        <a href="/fr/cite/book" class="btn-small js-load-via-modal" style="font-weight:400; font-size:12px; width:168px;">
                                                            <b class="d16 book"></b>
                                                            Book
                                                        </a>
                                                        <a href="/fr/cite/broadcast" class="btn-small js-load-via-modal" style="font-weight:400; font-size:12px; width:168px;">
                                                            <b class="d16 broadcast"></b>
                                                            Broadcast
                                                        </a>
                                                        <a href="/fr/cite/chapter-of-an-edited-book" class="btn-small js-load-via-modal" style="font-weight:400; font-size:12px; width:168px;">
                                                            <b class="d16 chapter-of-an-edited-book"></b>
                                                            Chapter of an ed. book
                                                        </a>
                                                        <a href="/fr/cite/conference-proceedings" class="btn-small js-load-via-modal" style="font-weight:400; font-size:12px; width:168px;">
                                                            <b class="d16 conference-proceedings"></b>
                                                            Conference proceedings
                                                        </a>
                                                        <a href="/fr/cite/court-case" class="btn-small js-load-via-modal" style="font-weight:400; font-size:12px; width:168px;">
                                                            <b class="d16 court-case"></b>
                                                            Court case
                                                        </a>
                                                        <a href="/fr/cite/dictionary-entry" class="btn-small js-load-via-modal" style="font-weight:400; font-size:12px; width:168px;">
                                                            <b class="d16 dictionary-entry"></b>
                                                            Dictionary entry
                                                        </a>
                                                        <a href="/fr/cite/dissertation" class="btn-small js-load-via-modal" style="font-weight:400; font-size:12px; width:168px;">
                                                            <b class="d16 dissertation"></b>
                                                            Dissertation
                                                        </a>
                                                </div>
                                                <div class="btn-group" style="float:left;">
                                                        <a href="/fr/cite/dvd-video-or-film" class="btn-small js-load-via-modal" style="font-weight:400; font-size:12px; width:168px;">
                                                            <b class="d16 dvd-video-or-film"></b>
                                                            DVD, video, or film
                                                        </a>
                                                        <a href="/fr/cite/ebook" class="btn-small js-load-via-modal" style="font-weight:400; font-size:12px; width:168px;">
                                                            <b class="d16 ebook"></b>
                                                            E-book or PDF
                                                        </a>
                                                        <a href="/fr/cite/edited-book" class="btn-small js-load-via-modal" style="font-weight:400; font-size:12px; width:168px;">
                                                            <b class="d16 edited-book"></b>
                                                            Edited book
                                                        </a>
                                                        <a href="/fr/cite/email" class="btn-small js-load-via-modal" style="font-weight:400; font-size:12px; width:168px;">
                                                            <b class="d16 email"></b>
                                                            Email
                                                        </a>
                                                        <a href="/fr/cite/encyclopedia-article" class="btn-small js-load-via-modal" style="font-weight:400; font-size:12px; width:168px;">
                                                            <b class="d16 encyclopedia-article"></b>
                                                            Encyclopedia article
                                                        </a>
                                                        <a href="/fr/cite/government-publication" class="btn-small js-load-via-modal" style="font-weight:400; font-size:12px; width:168px;">
                                                            <b class="d16 government-publication"></b>
                                                            Govt. publication
                                                        </a>
                                                        <a href="/fr/cite/interview" class="btn-small js-load-via-modal" style="font-weight:400; font-size:12px; width:168px;">
                                                            <b class="d16 interview"></b>
                                                            Interview
                                                        </a>
                                                        <a href="/fr/cite/journal" class="btn-small js-load-via-modal" style="font-weight:400; font-size:12px; width:168px;">
                                                            <b class="d16 journal"></b>
                                                            Journal
                                                        </a>
                                                        <a href="/fr/cite/magazine" class="btn-small js-load-via-modal" style="font-weight:400; font-size:12px; width:168px;">
                                                            <b class="d16 magazine"></b>
                                                            Magazine
                                                        </a>
                                                        <a href="/fr/cite/music" class="btn-small js-load-via-modal" style="font-weight:400; font-size:12px; width:168px;">
                                                            <b class="d16 music"></b>
                                                            Music or recording
                                                        </a>
                                                </div>
                                                <div class="btn-group" style="float:left;">
                                                        <a href="/fr/cite/newspaper" class="btn-small js-load-via-modal" style="font-weight:400; font-size:12px; width:168px;">
                                                            <b class="d16 newspaper"></b>
                                                            Newspaper
                                                        </a>
                                                        <a href="/fr/cite/online-image-or-video" class="btn-small js-load-via-modal" style="font-weight:400; font-size:12px; width:168px;">
                                                            <b class="d16 online-image-or-video"></b>
                                                            Online image or video
                                                        </a>
                                                        <a href="/fr/cite/patent" class="btn-small js-load-via-modal" style="font-weight:400; font-size:12px; width:168px;">
                                                            <b class="d16 patent"></b>
                                                            Patent
                                                        </a>
                                                        <a href="/fr/cite/podcast" class="btn-small js-load-via-modal" style="font-weight:400; font-size:12px; width:168px;">
                                                            <b class="d16 podcast"></b>
                                                            Podcast
                                                        </a>
                                                        <a href="/fr/cite/presentation" class="btn-small js-load-via-modal" style="font-weight:400; font-size:12px; width:168px;">
                                                            <b class="d16 presentation"></b>
                                                            Presentation or lecture
                                                        </a>
                                                        <a href="/fr/cite/press-release" class="btn-small js-load-via-modal" style="font-weight:400; font-size:12px; width:168px;">
                                                            <b class="d16 press-release"></b>
                                                            Press release
                                                        </a>
                                                        <a href="/fr/cite/religious-text" class="btn-small js-load-via-modal" style="font-weight:400; font-size:12px; width:168px;">
                                                            <b class="d16 religious-text"></b>
                                                            Religious text
                                                        </a>
                                                        <a href="/fr/cite/report" class="btn-small js-load-via-modal" style="font-weight:400; font-size:12px; width:168px;">
                                                            <b class="d16 report"></b>
                                                            Report
                                                        </a>
                                                        <a href="/fr/cite/software" class="btn-small js-load-via-modal" style="font-weight:400; font-size:12px; width:168px;">
                                                            <b class="d16 software"></b>
                                                            Software
                                                        </a>
                                                        <a href="/fr/cite/website" class="btn-small js-load-via-modal" style="font-weight:400; font-size:12px; width:168px;">
                                                            <b class="d16 website"></b>
                                                            Website
                                                        </a>
                                                </div>
                                        </div>
                                    </div>
                                </li>
                            </ul>
                        </label>

                        <input class="js-welcome-search-box" id="bkQry" name="bkQry" placeholder="Enter the book title, author, or ISBN" type="text" value="" />

                    </div>
                </fieldset>
                <div class="form-btns-wrapper">
                    <button type="submit" class="btn-small ladda-button" data-style="slide-left" data-spinner-color="#444444" style=" background:#faa732; font-size:18px;"><i class="fa fa-search"></i> Cite This For Me</button>
                </div>
</form>            <span class="field-tip" style="margin-bottom:0; padding:10px 0; font-size:12px;"><a href="javascript:void(0)" class="js-close-modal-btn" style="color:#fff;">Thanks. Take me to the homepage.</a></span>
        </div>
    </div>
</div>

<div class="overlay">
	
</div>

<div id="android-modal" class="modal" data-uses-overlay="true" style="z-index:100">
    <a href="javascript:void(0)" class="close">×</a>
    <div style="text-align:center;">
        <h3 style="font-size:30px; margin:30px 0;">Hey! Did you know we have an Android app?</h3>
        <p style="font-size:22px;">Download the Cite This For Me Android app now!</p>
        <div style="margin:20px 0;">
            <a href="https://play.google.com/store/apps/details?id=com.citethisforme.mobile" target="_new"><img src="/Content/images/google-play-btn.png?484836" /></a>
        </div>
        <div style="margin:20px 0;">
            <a href="javascript:void(0)" class="js-close-modal-btn" style="font-size:13px;">No thanks, I'll stick with the web version.</a>
        </div>
        
</div>
</div>

<script type="text/javascript">
    $(document).ready(function() {
        // First-load modal
        if ($.cookie('welcome_modal_seen') !== 'true') {
            history.replaceState(null, null, 'welcome');
            _gaq.push(['_trackPageview']);

            $('.sbm-ad').hide();
            $('.overlay').addClass('show');
            $('#welcome-modal').addClass('show');
            $.cookie('welcome_modal_seen', 'true', { expires: 365, path: '/' });

        }

        $('.modal').on('click', '.js-intro-sourcetype-dropdown', function() {
            $(this).toggleClass('open');
        });
        $('.modal').on('click', '.source-dropdown li[data-form-action]', function () {
            var $this = $(this);
            var action = $this.data('form-action');
            var name = $this.data('field-name');
            var placeholder = $this.data('field-placeholder');

            $('.js-welcome-search-form').attr('action', action);
            $('.js-welcome-search-box').attr('name', name);
            $('.js-welcome-search-box').attr('placeholder', placeholder);
            $('.js-welcome-search-label').text($this.text());
        });

        // android modal
        var ua = navigator.userAgent.toLowerCase();
        var isAndroid = ua.indexOf("android") > -1; //&& ua.indexOf("mobile");
        if (isAndroid && $.cookie('android_modal_seen') !== 'true') {
            $('.overlay').addClass('show');
            $('#android-modal').addClass('show');

            $.cookie('android_modal_seen', 'true', { expires: 365, path: '/' });
        } else {
            $('#android-modal').remove();
        }
    });
</script>

<style type="text/css">
    .source-dropdown { background:#fff; color:#000;display: none; left: -1px; position:absolute; text-align:left;top: 32px; width:145px; }
    .js-intro-sourcetype-dropdown.open .source-dropdown { display:block;}
    .source-dropdown li { padding: 5px 10px; }
</style>
	
<div class="page-wrapper">
    <div class="js-page-ajax-wrapper" >
	    
        <div class="page a4" data-metadata-prompted="False" style="position:relative; left:-140px;">
            <div class="toolbox">
                <header style="background:rgba(0,0,0,.065); color:#777; font-size:12px; margin-bottom:1px; text-transform: uppercase;">
                    <span class="selected-reference-count">0</span> s&#233;lectionn&#233;
                </header>
<form action="/fr/cite/sources/delete" class="js-delete-references-form" method="post">                    <input class="selected-reference-ids" type="hidden" name="ids" />
                    <button type="submit" title="Supprimer les r&#233;f&#233;rences s&#233;lectionn&#233;es" data-tipsy="true" data-tipsy-gravity="n"><i class="fa fa-trash-o"></i></button>
</form><form action="/fr/cite/sources/copy" class="js-submit-via-modal" method="get">                    <input class="selected-reference-ids" type="hidden" name="ids" />
                    <button type="submit" title="Copier les r&#233;f&#233;rences s&#233;lectionn&#233;es vers une autre bibliographie" data-tipsy="true" data-tipsy-gravity="n"><i class="fa fa-copy"></i></button>
</form><form action="/fr/cite/sources/move" class="js-submit-via-modal" method="get">                    <input class="selected-reference-ids" type="hidden" name="ids" />
                    <button type="submit" title="Copier les r&#233;f&#233;rences s&#233;lectionn&#233;es vers une autre bibliographie" data-tipsy="true" data-tipsy-gravity="n"><i class="fa fa-cut"></i></button>
</form>            </div>
            <div class="reference-list-header">
                <aside>
                    <a href="/fr/cite/bibliography/rename" class="js-load-via-modal" title="Modifier le nom de la bibliographie" data-tipsy="true"><i class="fa fa-pencil"></i></a>
                </aside>
                <div class="reference-count"><button type="button" class="btn-small js-toggle-search-bar" title="Trier, rechercher et filtrer votre bibliographie">0 r&#233;f&#233;rences <span class="js-references-shown" style="font-size:13px;"></span> · <i class="fa fa-sort-alpha-asc js-sort-icon"></i> · <i class="fa fa-search js-search-icon"></i></button></div>
                <h2>Votre bibliographie</h2>
            </div>
                <div>
                    <h4 style="font-size:14px; font-weight:400; margin-top:10px; padding-top:20px; ">Votre bibliographie est actuellement vide!</h4>
                    <p style="color:#555; display: block; font-size: 13px; margin: 14px 0;">Ajouter quelques r&#233;f&#233;rences &#224; partir des sources depuis le haut.</p>
                </div>
            <ul class="list reference-list">
            </ul>
        </div>
    </div>
</div>

<div class="sidebar sidebar-left js-sort-search-and-filter">
    <button class="close">×</button>
    <h2>Trier par</h2>
    <ul>
        <li>
            <label><input type="radio" name="sortBy" value="author" checked="checked">Auteur</label>
        </li>
        <li>
            <label><input type="radio" name="sortBy" value="title">Titre</label>
        </li>
        <li>
            <label><input type="radio" name="sortBy" value="year">Ann&#233;e</label>
        </li>
    </ul>
    <h2>Rechercher et filtrer</h2>
	<fieldset>
	    <div class="input-row">
<form action="/fr" class="js-sort-search-and-filter-form" method="post">	            <input type="text" placeholder="Rechercher..."/>
	            <button type="submit"><i class="fa fa-search"></i></button>
</form>	    </div>
	</fieldset>
    <ul>
        <li style="border-bottom:1px solid #e1e1e1; margin-bottom:8px; padding-bottom:8px;">
            <label><input type="checkbox" checked="checked" class="js-filter-all"/>Tous</label>
        </li>
    </ul>
</div>

<div class="language-btn">
    <div class="dropdown">
        <button data-toggle="dropdown">
            <b class="flag fr"></b>
        </button>
        <div class="dropdown-menu dropup width-1">
            <header>
                Langue
            </header>
            <a href="/language/de" class="btn-small ">
                <b class="flag de"></b>
                <span>Deutsch</span>
            </a>
            <a href="/language/en" class="btn-small ">
                <b class="flag en"></b><b class="flag us"></b>
                <span>English</span>
            </a>
            <a href="/language/es" class="btn-small ">
                <b class="flag es"></b>
                <span>Español</span>
            </a>
            <a href="/language/fr" class="btn-small  selected ">
                <b class="flag fr"></b>
                <span>Français</span>
            </a>
            <a href="/language/hi" class="btn-small ">
                <b class="flag hi"></b>
                <span>हिंदी</span>
            </a>
            <a href="/language/it" class="btn-small ">
                <b class="flag it"></b>
                <span>Italiano</span>
            </a>
            <a href="/language/ko" class="btn-small ">
                <b class="flag ko"></b>
                <span>한국의</span>
            </a>
            <a href="/language/pt" class="btn-small ">
                <b class="flag pt"></b>
                <span>Português</span>
            </a>
            <a href="/language/zh" class="btn-small ">
                <b class="flag zh"></b>
                <span>中国</span>
            </a>
        </div>
    </div>
</div>
    
<div style="bottom:24px; left: 80px; position:fixed; ">
    <a href="/fr/extras/privacy" class="btn-small" style="color:#aaa;">Confidentialit&#233;</a>
</div>


<div class="steps" data-uses-overlay="true">
	<div class="step step-one" >
		<div class="help-arrow"></div>
		<div>
			1. Add your citations
		</div>
	</div>
    
	<div class="step step-two">
		<div class="help-arrow"></div>
		<div>
			2. Choisissez votre style
			
		</div>
	</div>

    <div class="step step-three">
        <div class="help-arrow"></div>
        <div>
            3. T&#233;l&#233;charger !
        </div>
    </div>
    
    <div class="step step-four">
        <div class="help-arrow"></div>
        <div>
            4. View it
        </div>
    </div>
    
    <div class="step step-five">
        <div class="help-arrow"></div>
        <div>
            5. <a href="http://support.citethisforme.com" target="_new">More info</a>
        </div>
    </div>
    
    <div class="resume-notice">Click here to resume!</div>
</div>

<div class="corner-note-container">
</div>



<!-- Author templates for javascript adding -->

<div class="input-row double author-template" style="display:none;">
	
	<label for="Pr_nom_:">Pr&#233;nom :</label>
	<input autocomplete="off" id="Authors_guid__Forename" name="Authors[guid].Forename" type="text" value="" />
	<label for="Nom_de_famille_:">Nom de famille :</label>
	<input autocomplete="off" id="Authors_guid__Surname" name="Authors[guid].Surname" type="text" value="" />
	<aside>
		<a href="javascript:void(0)" class="js-remove-author-btn" tabindex="-1">
			<i class="fa fa-times-circle"></i>
		</a>
	</aside>
	<input type="hidden" value="guid" autocomplete="off" name="Authors.index"/>
</div>

<div class="input-row double chapter-author-template" style="display:none;">
	
    <label for="Pr_nom_:">Pr&#233;nom :</label>
    <input autocomplete="off" id="ChapterAuthors_guid__Forename" name="ChapterAuthors[guid].Forename" type="text" value="" />
    <label for="Nom_de_famille_:">Nom de famille :</label>
    <input autocomplete="off" id="ChapterAuthors_guid__Surname" name="ChapterAuthors[guid].Surname" type="text" value="" />
    <aside>
        <a href="javascript:void(0)" class="js-remove-author-btn" tabindex="-1">
            <i class="fa fa-times-circle"></i>
        </a>
    </aside>
    <input type="hidden" value="guid" autocomplete="off" name="ChapterAuthors.index"/>
</div>



        
    </body>

</html>